3684 5648
327 408 367 474 58
400 409 453 474 (69)
720 411 747 504 Ι.Ι
772 417 799 478 1.
833 430 1012 480 consonae
1035 430 1239 482 annuamus
1261 431 1398 480 naama.

326 594 360 658 in
382 594 522 660 derivato
545 597 684 662 eiusdem
706 599 824 664 radicis
847 599 921 662 br'cd
940 601 1069 681 (victus)
1092 599 1167 667 Wb.
1194 601 1248 666 18·.
1277 600 1351 664 blod
1370 599 1413 685 sq.
1438 599 1490 680 (cs.
1512 621 1557 684 gr.
1578 599 1714 682 βίοτος),
1738 621 1767 663 80

327 695 411 778 quod
434 719 530 780 supra
552 697 656 762 beotlm
680 701 829 786 scriptum
853 703 1101 784 memoravimus,
1125 703 1200 768 alibi
1224 725 1348 787 semper
1370 701 1456 765 balba
1479 711 1537 766 est.

411 795 449 860 ln
472 798 542 863 aliis
565 824 582 862 o
606 825 667 864 una
689 825 758 866 cum
781 802 883 868 vocali
905 805 1114 888 praecedente
1138 804 1286 890 deperiit,
1315 814 1349 868 ut
1376 805 1410 868 in
1436 801 1641 889 transumptis
1668 802 1766 885 pr‘imit,

325 899 406 984 plur.
432 903 553 984 priscill
582 902 784 986 (primitivus)
812 904 885 970 Wb.
914 907 970 968 13'·.
1008 908 1099 990 posit,
1130 909 1291 990 corrrpcrit,
1318 907 1446 990 super-lit
1478 904 1670 990 (positivus,
1701 923 1767 966 com·
1812 907 1813 912 ’

318 1000 504 1086 parativus,
534 1003 765 1088 superlativus)
795 1005 864 1092 Sg,
894 1007 1009 1090 quibus
1037 1006 1146 1077 nescio
1176 1030 1216 1071 an
1238 1007 1384 1072 addenda
1412 1006 1476 1073 sint
1497 1016 1529 1071 et
1550 1009 1582 1068 e'c
1604 1003 1723 1088 (morslt
1746 1025 1768 1066 er

325 1101 362 1164 L.
379 1101 497 1188 Hymn.
515 1127 564 1190 ap.
582 1103 705 1170 O'Dou.
724 1109 774 1184 64,
798 1131 870 1190 gen.
891 1131 943 1170 recu
965 1107 1070 1175 Corm.
1087 1115 1129 1190 (v.
1153 1109 1309 1191 uadurlrt),
1333 1119 1365 1173 et
1386 1110 1446 1188 dea,
1469 1111 1533 1171 dese
1555 1108 1699 1189 (dexter),
1721 1104 1769 1168 cui-

325 1202 390 1266 lata
411 1227 481 1268 cum
504 1229 589 1270 corn.
613 1229 709 1270 arrcoa
732 1207 824 1292 Voc,
845 1211 959 1274 cambr.
983 1211 1101 1295 arrybea
1122 1210 1223 1291 Mab,
1246 1219 1277 1274 et
1300 1210 1369 1275 brit.
1393 1211 1498 1291 debon,
1520 1210 1622 1274 deber.

409 1303 557 1391 Denique
578 1331 708 1392 prorsus
731 1310 825 1394 periit
845 1333 863 1372 υ
885 1307 959 1395 p'ost
973 1333 1144 1376 consonam
1165 1321 1291 1398 praeter
1312 1321 1498 1376 memoratas
1522 1311 1541 1392 l,
1565 1333 1591 1391 r,
1615 1335 1646 1392 a,
1669 1311 1690 1374 d
1711 1331 1769 1394 qua·

324 1407 521 1492 lemcunque,
545 1418 579 1472 ut
598 1419 702 1494 poste
724 1415 797 1495 (po),
820 1413 859 1476 de
882 1435 946 1498 qua
966 1412 1048 1476 infra
1064 1413 1146 1478 inter
1159 1421 1272 1478 tenues
1294 1413 1476 1494 disseretur,
1497 1420 1609 1499 posta,
1634 1411 1770 1496 siquidem

323 1508 456 1573 vocibus
479 1493 655 1575 hibernicis
672 1516 702 1573 uc
723 1518 819 1594 (sext,
849 1516 877 1576 a·
897 1515 990 1597 (vos),
1012 1528 1082 1579 aaut
1104 1515 1303 1600 (cupiditas),
1332 1519 1399 1579 aim·
1422 1517 1537 1599 (soror)
1561 1513 1770 1600 supponendae

325 1618 398 1672 sunt
418 1609 536 1675 formae
558 1614 747 1678 vetustiores
769 1635 839 1677 succ
861 1615 990 1696 (cambr.
1014 1618 1137 1698 cbrrucb,
1161 1626 1194 1680 at
1214 1616 1268 1680 lat.
1290 1641 1351 1698 aar,
1374 1627 1437 1701 got.
1460 1617 1570 1699 auide),
1593 1618 1641 1678 soi
1660 1615 1769 1694 (cambr.

323 1712 422 1792 edunt,
444 1723 533 1774 arunt
554 1715 681 1793 (canrbr.
706 1715 849 1799 ubuum),
873 1719 968 1797 solur,
990 1722 1090 1782 aeluro·
1113 1719 1241 1798 (cambr.
1262 1719 1395 1800 cbrcaer,
1418 1739 1538 1783 sanser.
1561 1717 1663 1796 ander,
1691 1737 1769 1801 germ.

322 1823 454 1894 emautur,
476 1823 508 1877 at
529 1816 607 1880 slav.
628 1829 722 1881 aestro
746 1828 777 1881 et
798 1819 850 1883 lat.
872 1821 984 1899 ccror);
1007 1819 1070 1884 nisi
1093 1821 1177 1906 quod
1192 1820 1349 1884 interdurn
1371 1843 1385 1883 a
1406 1820 1531 1886 abiecta
1552 1817 1660 1903 potius
1673 1819 1701 1900 j
1717 1839 1770 1881 ser·

323 1921 428 1977 vatam
451 1937 522 1979 esse
545 1925 676 2002 apparet
698 1942 737 1983 ex
758 1919 808 1984 bis
832 1920 999 2007 exemplis:
1029 1914 1173 2008 recipisset·
1195 1912 1352 2006 (mdrsdscr
1373 1921 1393 1984 i.
1416 1943 1446 2007 q.
1468 1921 1632 1998 mdradser,
1655 1904 1770 2004 magnus

325 2015 492 2097 seviratus,
509 2017 528 2080 i.
542 2041 568 2082 e.
586 2029 707 2102 septem
722 2021 794 2101 viri)
807 2022 843 2087 L.
856 2023 965 2087 Ardm.
982 2025 1029 2089 18.
1042 2045 1069 2086 a.
1082 2025 1112 2087 2.
1127 2025 1258 2106 maſsam,
1274 2023 1396 2105 raofiar·
1407 2024 1509 2106 (soror
1521 2025 1602 2102 mea)
1619 2021 1656 2085 1..
1669 2017 1770 2104 Hynn.

324 2115 447 2302 (Boiu.)
456 2116 481 2182 I.
504 2121 593 2201 338),
623 2121 737 2206 quibus
760 2125 906 2189 addenda
927 2147 1000 2190 esse
1023 2125 1169 2191 videntur
1182 2126 1284 2211 sirm,
1307 2125 1385 2189 barn
1406 2127 1538 2210 (vester)
1561 2133 1593 2189 et
1613 2141 1771 2209 pronomen

364 2227 434 2300 (vos
451 2273 457 2286 .

973 2396 1133 2462 Mediae.
1813 2459 1814 2486 .

409 2479 513 2588 BD
540 2479 594 2588 G.
640 2529 678 2593 In
699 2531 834 2595 vetustis
856 2532 1035 2598 nominibus
1051 2533 1175 2618 gallicis
1198 2533 1249 2598 vel
1263 2533 1459 2598 britannicis.
1498 2530 1698 2618 Singulares:
1720 2527 1774 2590 Bu

323 2647 436 2712 gaeum
449 2625 522 2691 Itin.
539 2627 661 2710 Gabali,
678 2631 846 2697 Atrebates
863 2631 956 2698 Caes.
980 2632 1157 2699 Oobnertur
1175 2635 1292 2721 (comp.
1310 2631 1444 2716 (lob-n.)
1459 2632 1560 2699 Inscr.
1585 2633 1710 2712 Divico,
1725 2629 1775 2694 Di·

323 2728 459 2794 vitiacus
475 2727 568 2794 Caes.
593 2731 796 2798 Adiatunnus
813 2732 906 2799 Caes.
932 2733 1051 2801 Seduni
1068 2733 1161 2801 Caes.
1184 2735 1348 2802 Boudicca
1362 2735 1437 2800 Tac.
1461 2735 1653 2800 Adbucillus
1669 2734 1775 2816 (comp.

324 2833 442 2912 Ad-b.)
467 2829 562 2897 Caes.
594 2831 827 2918 Vodgoriacum
855 2835 929 2917 (loc.
952 2835 1060 2922 Belg.;
1091 2859 1229 2922 compos.
1256 2837 1411 2924 Vod·g.?)
1440 2836 1513 2901 Itin.
1545 2831 1693 2916 Genava,
1720 2829 1776 2898 Gu-

302 2943 446 2998 ‘truatus
470 2932 563 2999 Caes.
592 2935 702 3020 Liper,
727 2935 886 3023 Seqovax,
911 2936 1107 3023 Sepontiaci,
1131 2935 1301 3024 Seposiani
1327 2937 1422 3004 Caes.
1454 2938 1642 3023 Lupdunum
1669 2938 1776 3018 (comp.

323 3035 458 3120 Lug-d.)
488 3033 563 3100 Tac.
592 3035 665 3100 ltin.
709 3037 841 3102 Iunctae
868 3040 1018 3104 consonis
1042 3041 1127 3104 aliis:
1156 3040 1326 3104 Blavutum
1350 3039 1473 3126 (oppid.
1497 3038 1582 3105 Gall.
1606 3036 1777 3116 occident).

323 3135 581 3202 Blaboriciacum
606 3139 695 3224 (opp.
719 3139 852 3221 Norici),
875 3139 1032 3205 Blestium
1054 3142 1142 3228 (opp.
1165 3141 1260 3224 Brit.)
1282 3141 1355 3204 Itin.
1379 3141 1580 3226 Brigantium
1603 3140 1676 3204 ltin.
1714 3137 1780 3201 Bii-

322 3248 432 3324 gantes
463 3241 559 3324 (pop.
582 3239 684 3323 Brit.)
714 3240 788 3305 Tac.
827 3242 1017 3328 Brogitarus
1047 3241 1115 3309 Cic.
1156 3243 1346 3326 Allobroges
1376 3239 1469 3308 Caes.
1509 3239 1661 3328 Drappes
1692 3239 1779 3306 Caes.
1812 3313 1813 3316 ¹

329 3334 560 3420 Glannoventa,
583 3343 807 3428 Amboplanna
821 3343 956 3429 (oppida
968 3342 1065 3428 Brit.)
1081 3343 1179 3407 Notit.
1196 3344 1281 3429 dign.
1310 3343 1537 3428 Boduopnatus
1553 3341 1647 3410 Caes.
1674 3339 1782 3406 Graio-
1812 3335 1813 3348 ¹

323 3443 393 3523 celi,
421 3438 534 3507 Grudii
552 3443 646 3510 Caes.
676 3444 905 3530 AlbaVopisc.
934 3445 1117 3511 Tolbiacum
1137 3443 1211 3508 Tac.
1240 3445 1404 3524 Ambiani,
1433 3445 1611 3524 Ambiorix,
1644 3441 1780 3510 Ambarri

322 3541 415 3608 Caes.
453 3543 690 3610 Cambodunum
705 3546 777 3611 ltin.
807 3547 929 3612 Arbeia
950 3546 1107 3630 (Britann.
1125 3547 1214 3632 opp.)
1237 3547 1335 3611 Notit.
1352 3548 1438 3634 dign.
1461 3545 1600 3611 Verbeia
1620 3547 1711 3631 (dea)
1735 3543 1783 3609 In-
1812 3573 1813 3630 3

323 3645 429 3730 script.
460 3644 557 3711 Orell.
582 3649 675 3711 2061.
710 3647 943 3714 Sorbiodunum
970 3649 1094 3735 (oppid.
1120 3647 1217 3732 Brit.)
1244 3649 1318 3712 Itin.
1352 3647 1480 3713 Meldae
1510 3645 1605 3714 Caes.
1641 3647 1784 3714 Gelduba
1812 3683 1813 3713 r

214 3755 215 3758 ’
322 3745 410 3810 Ρ111..
433 3746 510 3811 Tac.
538 3747 665 3830 Andes,
693 3751 969 3816 Andecumborius
997 3751 1090 3817 Caes.
1126 3750 1416 3829 Andematunnum,
1442 3749 1694 3816 Andecamulum
1716 3749 1783 3814 Itin.

320 3845 516 3913 Vindonissa
546 3850 618 3914 Itin.
666 3853 843 3918 Arduenna
875 3850 970 3919 Caes.
1014 3851 1193 3918 Ordovices
1227 3850 1302 3916 Tac.
1357 3849 1516 3936 Galpacus
1549 3850 1625 3916 Tac.
1669 3849 1785 3934 Belpae

322 3947 416 4014 Caes.
443 3950 614 4035 Lirrpones,
640 3951 824 4039 Cinpetorix
845 3953 939 4020 Caes.
969 3952 1153 4038 Orpetorix,
1178 3951 1341 4038 Gerpovia
1364 3951 1457 4018 Caes.
1492 3951 1666 4038 Tarpetius,
1690 3951 1786 4016 Mori-

321 4062 427 4138 taspus
444 4051 536 4118 Caes.
557 4045 739 4133 ‘Poddydrm
764 4057 853 4141 (pop.
870 4055 1019 4136 Hibera.)
1042 4053 1124 4118 Ptol.
1140 4053 1316 4140 Duplices3
1338 4053 1410 4119 BB:
1434 4054 1529 4120 Abbo
1552 4053 1603 4136 (in
1616 4075 1684 4118 vas.
1708 4051 1785 4134 figl.)

321 4155 422 4220 Inscr.
445 4155 592 4220 Abbatus
615 4155 671 4223 Sil.
695 4156 764 4220 Ital.
794 4157 839 4240 (4,
863 4157 939 4236 2393
967 4157 1025 4220 sed
1047 4156 1141 4220 lectio
1163 4157 1300 4237 incerta,
1324 4179 1394 4220 cum
1417 4155 1471 4221 alii
1493 4154 1603 4240 legant
1623 4165 1657 4218 at
1676 4155 1785 4232 Batus,

322 4258 445 4330 Aestus
469 4259 555 4338 etc).
588 4257 666 4322 DD:
690 4258 807 4323 Addua
829 4258 931 4337 (fluv.;
954 4259 1010 4322 sed
1031 4257 1192 4323 Aduatuci
1215 4257 1324 4338 Caes.)
1346 4257 1421 4323 Tac.
1444 4255 1526 4322 Plin.
1571 4255 1624 4320 Ad
1646 4255 1678 4320 D
1701 4264 1787 4321 nota-

322 4367 388 4420 tum
410 4356 529 4422 lineola
550 4359 711 4443 perducta,
736 4361 775 4424 de
791 4383 853 4444 quo
869 4360 951 4424 infra
972 4360 1053 4423 inter
1068 4360 1224 4443 aspiratae
1241 4359 1422 4440 disseretur,
1445 4358 1604 4444 pertinere
1626 4357 1787 4423 videntur:

322 4457 452 4523 Meddic
478 4460 578 4544 (figuli
601 4463 729 4541 nornen)
767 4462 867 4527 Stein.
901 4460 969 4525 cod.
999 4459 1143 4546 inscript.
1171 4460 1297 4525 Danub.
1319 4469 1359 4525 ·et
1384 4459 1489 4524 Rheni
1519 4459 1590 4523 207.
1618 4460 1690 4523 219.
1719 4459 1812 4523 224.γ

322 4559 560 4646 Meddignatius
591 4563 661 4641 (sed
682 4561 860 4627 Medivixta
887 4561 978 4628 Grut.
1003 4565 1073 4642 795,
1097 4566 1134 4643 8)
1162 4561 1263 4628 Inscr.
1288 4562 1385 4628 Orell.
1408 4562 1500 4625 2064.
1534 4559 1789 4640 Coddacatusd)

322 4663 424 4727 Inscr.
450 4661 581 4726 Vesont.
606 4661 704 4728 Orell.
728 4664 820 4728 2064.
858 4663 936 4729 GG:
961 4663 1174 4749 Setuboggius
1196 4662 1331 4750 Esuggii
1353 4663 1397 4730 fil.
1419 4662 1490 4743 (sed
1512 4661 1728 4748 Vercombogi
1750 4661 1791 4726 fil.

323 4763 414 4830 Grut.
444 4765 514 4843 758,
539 4767 588 4829 11.
617 4765 878 4851 Abrextubogius
905 4763 1021 4830 Murat.
1051 4767 1101 4846 22,
1124 4769 1152 4830 5.
1196 4765 1365 4851 Adbogius
1393 4763 1493 4830 Stein.
1529 4763 1610 4846 440)
1639 4763 1791 4849 Inscript.

321 4865 469 4931 Ambian.
495 4865 591 4931 Orell.
616 4867 707 4930 2062.
741 4867 897 4952 Flaniggo
919 4867 1067 4952 Inscript.
1090 4867 1177 4932 Brix.
1201 4865 1297 4932 Orell.
1323 4868 1415 4933 3543.

405 4965 583 5033 Mediarum
609 4967 842 5034 hibernicarum
875 4977 1000 5034 status
1030 4967 1149 5033 durus
1182 4969 1216 5033 in
1243 4967 1378 5034 vetustis
1406 4965 1569 5033 codicibus
1602 4990 1671 5032 non
1701 4969 1793 5034 modo

322 5069 419 5149 (sicut
438 5069 629 5155 liquidarum
650 5080 683 5135 et
704 5069 855 5155 spirantis
880 5074 914 5155 a)
943 5069 1155 5156 geminatione
1178 5071 1387 5156 significatur,
1410 5068 1597 5158 praesertim
1623 5067 1659 5133 in
1683 5069 1794 5136 codice

324 5170 389 5256 ὃς,
412 5171 579 5236 sedetiam
599 5171 714 5258 positis
736 5172 908 5238 mediarum
929 5173 1000 5239 loco
1023 5171 1181 5256 tenuibus,
1204 5171 1350 5236 nimirum
1365 5172 1406 5239 ob
1422 5170 1579 5238 duriorem
1599 5173 1791 5258 pronuntia·
