3684 5648
543 343 571 410 I.
600 345 626 409 1.
659 363 800 422 nroums
821 363 845 412 s
866 363 1060 413 smsnsms.
1406 349 1458 412 (56)
1491 349 1530 414 45

156 529 192 598 In
213 531 358 598 omnibus
377 531 430 598 his
455 531 646 618 singularem
668 556 795 621 quoque
815 535 847 599 N
869 535 965 602 scribi
988 542 1062 600 ante
1084 553 1251 614 consonas,
1274 534 1460 622 praesertim
1485 544 1532 601 te-

85 655 161 714 nues,
184 633 267 700 infra
287 627 462 722 apparebit.

142 734 220 802 -Sed
242 745 300 818 eet,
322 736 376 804 ubi
397 735 550 822 liquidam
569 735 601 800 N
629 735 697 821 (vel
719 737 925 803 assimilatam
946 737 998 822 M)
1027 747 1099 804 aute
1122 738 1249 804 vocales
1278 746 1310 803 et
1330 739 1451 806 medias
1475 763 1533 826 po·

85 836 165 902 sitam
178 833 278 924 primo
301 846 433 926 aspectu
455 837 645 924 superfluam
667 844 698 920 et
719 837 789 904 sine
812 860 910 905 eausa
931 839 1070 906 additam
1090 838 1267 926 putaverim
1290 839 1324 902 id
1346 841 1430 926 quod
1452 864 1533 905 nun-

85 961 165 1023 qnam
189 937 306 1006 factum
337 961 409 1006 esse
440 939 563 1025 patebit
590 939 769 1006 accuratius
798 941 933 1008 intuenti
960 940 1087 1026 singula
1112 939 1265 1026 exempla.
1320 939 1402 1008 Sunt
1429 951 1533 1008 autem

82 1039 152 1108 haee
170 1040 251 1107 rarii
273 1039 414 1127 generis:

158 1147 184 1208 1.
216 1142 257 1210 In
278 1141 467 1229 quibusdam
490 1147 634 1208 servatae
656 1151 739 1224 sunt,
763 1165 844 1230 quae
866 1145 901 1208 in
916 1144 987 1210 aliis
1009 1144 1079 1209 sivo
1100 1143 1287 1229 regulariter
1309 1143 1400 1226 (ante
1420 1153 1534 1212 tenum

82 1254 110 1308 et
129 1245 301 1332 spirantes)
324 1243 394 1310 sive
414 1242 620 1329 neglegenter
642 1243 813 1329 perierunt,
834 1243 1072 1312 terminationes
1095 1267 1240 1326 casuum,
1270 1246 1444 1311 accusativi
1466 1247 1536 1330 (vel

80 1347 258 1412 nominativi
272 1345 390 1428 neutr.)
415 1345 508 1430 sing„
531 1343 671 1431 genetivi
693 1344 784 1431 plum,
808 1347 906 1412 dativi
929 1346 1022 1427 daal,
1043 1346 1100 1413 sed
1123 1370 1143 1411 a
1162 1347 1226 1412 fine
1248 1345 1338 1412 vocis
1356 1349 1534 1436 transposi-

79 1459 124 1513 tae
140 1449 179 1514 ad
192 1447 571 1536 principiumproximae,
595 1445 705 1512 eodem
720 1469 806 1514 more
829 1449 882 1534 qui
898 1443 993 1514 hodie
1016 1447 1182 1533 eclipsis
1204 1449 1331 1514 nomine
1352 1448 1533 1536 insignitur.

79 1547 239 1636 Exempla:
268 1573 335 1616 acc.
362 1571 459 1616 masc.
487 1547 697 1634 aonpuidimae
723 1551 778 1614 din
804 1559 929 1614 aeratae
956 1548 1062 1636 (quod
1090 1571 1144 1613 oro
1174 1549 1264 1614 deum
1293 1573 1350 1637 pro
1378 1550 1431 1635 te)
1458 1551 1533 1618 Wb.

78 1653 131 1714 211.
152 1652 224 1716 fem.
247 1675 302 1717 een
321 1652 412 1739 patui
428 1659 557 1716 marra
578 1646 664 1732 (sine
685 1649 790 1716 vocali
810 1648 979 1734 intereas)
1002 1649 1056 1738 Sg.
1074 1651 1112 1713 71.
1140 1652 1389 1736 nentntuilrrith
1411 1654 1536 1718 ateioMe

78 1751 162 1816 adoib
192 1753 293 1838 (datis
314 1753 356 1820 iis
377 1747 553 1840 proprium)
580 1747 655 1816 Wb.
677 1753 716 1816 6¹.
745 1775 826 1818 nom.
850 1761 951 1818 neutr.
979 1774 1039 1816 coe.
1063 1749 1142 1815 adele
1164 1753 1372 1818 aeneadae
1399 1755 1450 1839 (ut
1469 1779 1534 1822 nou

78 1863 122 1916 est
143 1854 272 1920 difficile
294 1852 410 1938 vobis)
439 1856 479 1918 61.
515 1875 586 1939 gen.
608 1851 689 1937 plur.
706 1853 843 1940 sopacm
872 1852 1043 1918 ianambcll
1067 1851 1151 1914 anile
1177 1851 1330 1935 (servitus
1358 1866 1533 1924 ceterorum

77 1954 298 2041 membrorum)
323 1957 382 2022 121.
411 1956 473 2022 dat.
497 1955 580 2020 dual.
595 1956 656 2039 for
677 1953 745 2018 deth
766 1953 877 2018 adolete
900 1953 1089 2044 (secundum
1112 1953 1190 2020 duas
1213 1956 1458 2042 declinationes)
1479 1959 1533 2047 Sg.

79 2057 149 2122 1061.
208 2057 375 2124 Interdum
406 2058 585 2125 terminatio
620 2077 716 2124 casus
744 2079 765 2120 a
792 2055 949 2120 terminali
983 2055 1131 2122 thematis
1160 2079 1301 2123 consona
1326 2082 1391 2125 non
1420 2061 1533 2128 distin-

76 2159 188 2244 guitur:
210 2160 503 2246 Μαῖρα-1111111111
525 2158 582 2244 (ad
604 2159 708 2246 alpem
729 2179 841 2224 versus
864 2157 958 2242 eitra)
981 2156 1035 2244 Sg.
1053 2160 1134 2223 2171.
1162 2161 1246 2223 atam
1268 2162 1383 2247 napstil
1403 2161 1533 2246 (nomen

76 2261 222 2348 apostoli)
238 2261 314 2330 Wb.
330 2264 391 2329 20².
420 2261 607 2328 Accusativi
621 2261 721 2328 forma
741 2261 775 2326 in
788 2259 1080 2347 praepositionibus
1103 2261 1290 2348 quibusdam
1303 2264 1533 2333 nominalibus:

75 2363 198 2428 dochum
219 2366 297 2430 eides
318 2362 497 2449 (addeum)
520 2362 595 2430 Wb.
614 2366 673 2430 10⁴.
701 2364 848 2450 abdepcicl
866 2371 992 2448 ripaltae
1014 2361 1104 2448 (post
1118 2361 1262 2447 vocales)
1284 2361 1339 2450 Sg.
1355 2367 1395 2430 51.
1425 2379 1533 2436 ator-

74 2465 132 2528 lesi
149 2471 186 2530 sti
206 2465 245 2550 (u
264 2487 323 2553 pro
344 2466 371 2552 i)
394 2465 448 2556 Sg.
469 2469 508 2532 4·.
544 2465 666 2533 Eodem
691 2465 785 2532 modo
808 2464 946 2551 scriptus
976 2485 1041 2530 acc.
1064 2465 1202 2532 articuli:
1231 2468 1320 2529 tricia
1339 2466 1443 2532 osbrat
1462 2467 1535 2558 (per

73 2566 216 2652 pallium)
241 2565 294 2633 Tr.
310 2569 361 2633 55.
392 2567 471 2632 laeta
489 2571 600 2654 emeat
618 2567 720 2655 (apud
733 2565 891 2650 vocalem)
914 2565 969 2654 Sg.
987 2568 1026 2648 71,
1049 2577 1160 2634 contra
1180 2589 1298 2633 morem
1319 2567 1480 2654 vulgatum
1500 2572 1535 2637 in

76 2671 162 2736 codd.
177 2670 312 2751 nostris,
336 2669 391 2756 qui
413 2669 542 2736 alteram
564 2695 586 2734 a
606 2669 750 2736 omittere
772 2678 967 2736 consuerunt
987 2679 1060 2734 ante
1082 2691 1253 2736 consonam
1275 2670 1536 2760 qualemcunque.

152 2773 182 2838 2.
218 2771 296 2839 Non
318 2771 448 2837 multum
471 2772 619 2839 differunt
639 2793 691 2853 ea,
718 2768 889 2857 inquibus
911 2770 1119 2838 brevissimae
1144 2770 1263 2838 formae
1285 2771 1422 2856 amiculi,
1450 2799 1534 2842 nom.

75 2893 135 2938 arc.
158 2873 245 2960 sing.
261 2881 363 2939 neutn
386 2872 631 2955 antecedunt,
654 2871 773 2938 omissa
793 2871 897 2938 vocali
920 2871 1068 2938 insolam
1083 2872 1115 2937 N
1136 2872 1294 2940 abierunt:
1317 2875 1353 2937 ai
1365 2865 1441 2960 epo(
1454 2879 1536 2942 atae

74 2973 148 3056 (non
167 2975 243 3040 dico
258 2974 334 3056 hoe;
357 2975 475 3060 enahin)
496 2973 552 3062 Sg.
569 2975 629 3040 131.
658 2973 874 3038 eamdirainn
896 2973 995 3059 (inter
1016 2974 1095 3040 duas
1117 2973 1188 3040 illas
1210 2983 1333 3061 perrea
1355 2978 1534 3065 indiraa’an)

74 3074 124 3162 Sg.
138 3077 179 3142 21.
213 3081 355 3164 tractent
374 3076 449 3164 (per
469 3075 616 3164 figuram)
640 3071 695 3161 Sg.
714 3072 784 3156 73³3
807 3085 862 3140 aut
882 3077 938 3141 ubi
958 3097 1132 3162 pronomen
1153 3075 1318 3142 relativum
1341 3077 1383 3143 ad
1402 3080 1536 3146 eandem

73 3177 198 3244 iormam
221 3177 445 3246 brevissimam
465 3179 626 3246 redactum
650 3176 789 3244 cernitur
809 3185 874 3242 tam
896 3185 969 3244 aute
990 3177 1080 3252 verbi
1098 3177 1232 3242 formas:
1254 3179 1320 3242 etia
1341 3178 1431 3242 riebiis
1452 3182 1535 3266 oeso-

71 3303 160 3364 pnam
182 3279 358 3368 (quamdiu
380 3289 431 3346 est
452 3279 611 3364 serviens)
634 3277 709 3345 Wb.
731 3280 771 3346 81.
799 3301 860 3343 nm.
882 3281 1024 3366 apaidesa
1044 3281 1095 3361 (ut
1115 3279 1220 3364 rogat)
1243 3281 1304 3344 241.
1338 3281 1440 3344 intuta
1459 3282 1537 3347 ribot

73 3381 153 3464 (curn
177 3383 245 3468 est)
270 3385 338 3468 17⁸,
362 3405 457 3469 quam
477 3392 553 3468 post
573 3382 705 3448 verbum
727 3380 974 3446 substantivum:
1007 3381 1126 3444 eenolee
1146 3379 1203 3466 (gl.
1226 3379 1280 3465 qui
1303 3380 1441 3463 iudicas3
1465 3385 1485 3449 i.
1509 3408 1536 3450 e.
1623 3406 1625 3412 ’
1760 3387 1763 3401 ’

75 3485 153 3568 quod
176 3495 229 3550 est
251 3486 383 3571 malum)
416 3488 454 3550 11.
487 3485 523 3548 at
543 3485 661 3548 oeilaom
683 3486 756 3548 asne
776 3505 818 3548 er.
850 3483 935 3567 (non
958 3481 1040 3548 celat
1059 3482 1131 3567 ipse
1153 3480 1238 3566 qnod
1258 3481 1287 3546 is
1311 3490 1361 3546 est
1382 3481 1537 3570 christus)

74 3588 109 3652 4⁴.
143 3591 196 3652 dre
219 3588 349 3654 assidui!
373 3587 465 3674 (quia
486 3595 536 3651 est
556 3585 714 3670 creatura)
744 3585 782 3650 11.
823 3587 889 3650 ceta
911 3581 1047 3647 boemdeo
1068 3584 1151 3666 infer
1177 3582 1342 3668 (quamdiu
1369 3582 1463 3650 vivus
1488 3595 1538 3652 est
1586 3618 1588 3628 ¹

74 3688 131 3772 sir)
155 3690 217 3756 10⁵.
249 3702 305 3754 ata
325 3699 463 3754 naamon
484 3688 547 3752 aidi
567 3687 669 3772 (quod
690 3697 764 3752 sunt
785 3688 913 3752 nomina
933 3685 1029 3761 haec)
1053 3683 1107 3769 Sg.
1133 3684 1212 3750 1541.

152 3794 182 3858 3.
216 3790 261 3858 In
288 3789 393 3856 media
418 3811 497 3855 voce
524 3797 651 3877 praeter
678 3787 810 3852 infixum
837 3813 857 3850 a
884 3787 1051 3852 relativum
1076 3785 1222 3872 inprimis
1258 3785 1454 3871 praepositio
1482 3810 1538 3852 eoa

75 3894 248 3960 obscurata
270 3903 329 3975 est,
350 3914 416 3958 non
431 3890 533 3958 solum
548 3911 686 3956 excussa
705 3887 809 3954 vocali
832 3899 867 3954 ut
880 3889 1085 3971 infr-eeadire
1106 3885 1301 3973 (praesens),
1324 3885 1446 3950 sadala
1468 3886 1539 3971 (ab-

76 4017 158 4078 eeus3
180 3995 376 4081 fresca-d„
399 3993 547 4078 econ-d.)
574 3991 650 4058 Wb.
674 3988 729 4077 Sg.
762 3991 890 4078 er'eadop
916 3992 1087 4056 sannanim
1116 3989 1173 4074 (gl.
1196 3988 1437 4068 detrectatcrcs3
1464 3990 1485 4054 i.
1509 4013 1536 4055 e.

76 4094 147 4160 deu.
168 4097 332 4183 proximi)
360 4095 435 4165 Wb.
459 4101 502 4179 11,
530 4116 611 4182 quae
637 4113 704 4157 non
731 4091 914 4181 discrepant
942 4115 962 4156 a
982 4091 1161 4177 dosoirrtde,
1191 4091 1322 4155 atroce
1350 4089 1535 4175 (significat,

76 4209 153 4280 -ant3
177 4229 208 4254 =
222 4199 430 4281 defo-riade,
452 4195 583 4278 eludet)
600 4181 655 4280 δὲ.
672 4195 712 4259 91.
734 4195 795 4278 251,
820 4196 878 4262 sed
900 4194 994 4260 etiam
1015 4215 1157 4258 consona
1176 4192 1311 4278 primum
1332 4189 1480 4277 aspirata,
1503 4193 1538 4258 ni

76 4297 214 4382 fallimur,
239 4299 356 4366 deinde
378 4301 415 4364 elr
436 4320 572 4365 excussa
592 4296 675 4362 inter
695 4317 714 4360 r
735 4305 768 4362 et
788 4319 823 4362 n:
838 4297 1005 4382 fortqae're
1025 4292 1427 4381 (praeceptum)Wb.10·.
1449 4295 1538 4366 foret-

76 4403 218 4484 pnrttaid
240 4401 479 4489 (imperativus)
502 4397 558 4485 Sg.
581 4401 662 4464 1471.
698 4399 893 4486 dorairapert
920 4395 1096 4483 (promisit)
1123 4394 1198 4462 Wb.
1221 4397 1280 4462 301.
1303 4397 1363 4462 311.
1392 4397 1541 4481 tairapira

79 4503 329 4588 (promissionis)
356 4502 431 4570 Wb.
453 4504 492 4568 21.
515 4505 555 4566 41.
579 4503 637 4565 111.
661 4502 720 4567 331.
744 4500 809 4582 331,
841 4500 1010 4586 inquibus
1025 4497 1258 4582 for-elongor,
1281 4497 1539 4582 do-ar-ctoapar

80 4603 181 4684 (etiam
211 4605 554 4691 doro-ur-choapcrt)
582 4601 758 4689 composita
784 4601 903 4667 insunt.
952 4599 988 4668 Si
1014 4621 1072 4686 pro
1100 4597 1152 4664 his
1178 4598 1286 4664 formis
1312 4620 1538 4684 nonnunquam
1603 4657 1605 4662 ,

80 4706 151 4774 elisa
168 4733 192 4772 a
213 4707 424 4773 inveniuntur
444 4707 484 4770 en
505 4706 651 4791 tairpiria
675 4703 732 4790 (gl.
746 4702 992 4790 pollicitatione)
1016 4699 1073 4766 Ml.
1097 4701 1158 4766 331.
1193 4701 1440 4799 tersiatairpa'ria
1470 4698 1536 4784 (se-

81 4809 209 4876 cundum
236 4807 498 4896 promissionem)
525 4804 601 4874 Wb.
625 4809 684 4872 191.
717 4805 941 4870 ὠίοάνοοᾱοίνο
969 4805 1018 4890 (in
1044 4801 1221 4890 praesenti,
1250 4803 1393 4887 rbiadsi.)
1414 4799 1467 4865 Pr.
1483 4798 1537 4866 Or.

81 4909 133 4976 611.
161 4935 224 4976 am.
239 4909 531 4978 amedmdicbtherni
557 4905 613 4993 (gl.
639 4908 722 4973 sicut
741 4905 1013 4993 blasphemamur)
1042 4903 1116 4972 Wb.
1138 4903 1176 4968 21.
1208 4904 1362 4988 dofoirda
1385 4901 1540 4986 dosoerdet

82 5008 128 5099 Sg.
148 5015 210 5083 261.
235 5013 325 5095 2031,
353 5013 542 5100 quibuscum
564 5011 777 5097 comparanda
803 5018 879 5076 sunt
899 5007 1041 5073 martra
1061 5006 1142 5069 aildi
1168 5005 1283 5090 (verba
1303 5002 1450 5092 pulchra)
1479 5000 1537 5067 Ml.

85 5117 135 5182 31⁸.
162 5119 266 5185 detdic
281 5112 473 5203 (pulchrior)
489 5111 565 5182 Wb.
584 5114 643 5195 121,
666 5134 706 5177 ex
721 5111 781 5178 adi.
805 5110 902 5192 atine,
924 5110 1033 5196 itaque
1054 5129 1112 5194 pro
1127 5107 1237 5188 a'itndi,
1261 5107 1383 5172 eladio
1404 5104 1538 5189 (recent.

1810 4944 1820 5176 l
