3684 5648
236 373 256 438 θ
286 382 324 449 (ο)
889 381 916 446 Ι.
953 399 1041 449 sorr.

238 571 394 638 Oambros
417 587 542 652 quoque
565 565 825 633 circumferuntur
846 575 991 634 vetustae
1014 568 1189 634 litterarum
1209 569 1337 652 formae,
1362 570 1483 638 similes·
1501 572 1590 638 runis
1613 594 1705 638 scan-

238 671 319 736 dicis
340 678 373 733 et
395 675 487 752 aptae
511 667 551 732 ad
573 667 777 733 incidendum
800 668 834 732 in
855 669 976 754 lignum
999 669 1053 734 vel
1073 670 1227 757 lapidem,
1250 681 1286 735 ut
1307 672 1510 760 alphabetum
1529 672 1706 754 Nemnivi,*

237 773 290 838 vel
311 791 393 857 quae
417 769 563 835 dicuntur
586 766 731 833 Coelbren
742 792 764 856 γ
780 769 897 850 beircld,
921 770 1123 855 alphabetum
1143 770 1329 854 Bardorum,
1353 775 1405 840 oui
1427 775 1598 862 opponitur
1621 772 1704 838 Coel-
1805 829 1807 834 .

238 873 312 938 brea
331 893 354 958 γ
373 870 521 952 υιοααλολ,
545 870 747 956 alphabetum
769 870 993 937 monachorum
1014 871 1068 938 vel
1088 895 1259 938 romaumn.
1296 872 1431 959 Figuras
1454 876 1631 943 arbusculis
1654 874 1706 940 vel

239 977 386 1040 arborum
407 980 440 1036 et
452 971 600 1037 fruticum
614 973 744 1038 ramulis
760 972 890 1053 similes,
914 974 1025 1058 quales
1041 980 1116 1038 sunt
1129 996 1227 1039 runae
1244 975 1423 1058 scaudicae,
1446 978 1541 1042 etiarn
1558 976 1705 1042 aBardis

128 1081 131 1086 “
236 1074 410 1141 hibernicis
432 1081 602 1158 usurpatas
631 1096 704 1139 esse
724 1073 799 1138 inde
823 1073 930 1159 colligi
951 1083 1074 1161 potest,
1106 1075 1190 1160 quod
1222 1076 1368 1141 arborum
1394 1078 1447 1141 vel
1473 1077 1620 1144 fruticum
1648 1101 1705 1142 no-

236 1176 324 1240 mina
346 1175 481 1260 singulis
503 1175 680 1240 litterarum
700 1175 811 1260 figuris
835 1174 998 1258 dederunt,
1021 1198 1061 1240 ex
1083 1177 1198 1262 quibus
1221 1186 1348 1242 constat
1369 1178 1572 1264 alphabetum
1587 1179 1705 1243 dictum

237 1277 484 1341 Beth-lura-az'oa
507 1274 601 1358 (beitla
621 1275 739 1357 betula,
763 1277 823 1339 laia
837 1275 985 1342 -fraxinus
1007 1285 1165 1358 montana,
1187 1280 1261 1342 ιιιόιι
1281 1278 1425 1344 fraxinus
1448 1280 1535 1364 etc).
1571 1278 1611 1343 In
1625 1279 1705 1344 haec

238 1387 344 1442 tamen
365 1376 460 1441 latius
482 1375 643 1461 inquirere
665 1377 766 1460 magis
790 1386 839 1441 est
859 1376 1127 1462 palaeographiae
1151 1401 1244 1462 quam
1259 1381 1488 1463 grammatices.

324 1476 481 1544 Sonorum
502 1485 567 1540 tam
580 1475 815 1541 hibernicarum
838 1499 932 1562 quarn
953 1479 1202 1544 britannicorum
1225 1480 1399 1544 communis
1423 1504 1462 1545 ea
1484 1491 1534 1547 est
1548 1481 1704 1561 condicio,

238 1589 273 1644 ut
294 1601 311 1642 e
335 1587 418 1644 statu
440 1575 621 1662 originaria
645 1577 699 1664 qui
721 1585 775 1642 aut
796 1587 929 1663 apparet
950 1603 968 1645 e
990 1579 1201 1645 monumentis
1223 1581 1450 1646 vetustioribus
1473 1591 1527 1646 aut
1549 1582 1706 1666 detegitur

240 1691 373 1765 utraque
395 1679 590 1764 linguatam
611 1679 694 1742 inter
716 1701 751 1743 se
775 1700 869 1763 quam
892 1701 963 1743 cum
977 1680 1095 1766 linguis
1119 1677 1267 1745 affinibus
1283 1691 1472 1766 comparato,
1497 1683 1592 1746 certis
1608 1681 1706 1746 collo-

241 1781 376 1845 cationis
398 1781 524 1864 legibus
543 1779 657 1866 pulsae
679 1788 844 1845 transeant
863 1781 897 1844 in
918 1781 997 1847 alios
1022 1804 1118 1849 sonos
1147 1781 1368 1862 secundarios,
1401 1783 1454 1868 qui
1481 1783 1544 1847 dici
1571 1792 1707 1868 possunt

239 1881 404 1946 alterati
426 1881 479 1946 vel
499 1879 657 1945 infecti.
691 1879 765 1962 Qua
790 1881 972 1961 mutatione,
995 1903 1089 1968 quam
1103 1906 1163 1948 nos
1179 1883 1319 1948 dicenms
1342 1884 1613 1964 infectionem,
1635 1892 1707 1948 tan-

239 1993 356 2068 guntur
380 1967 593 2048 tam‘vocales
615 2004 710 2067 quam
730 2003 900 2065 consonae,
929 1983 1073 2068 quamvis
1101 1984 1227 2048 diverso
1254 1985 1347 2049 modo
1377 1985 1411 2049 in
1434 1995 1565 2070 utraque
1587 1985 1706 2070 lingua·

239 2083 426 2169 Tanguntur
448 2090 553 2148 autem
574 2082 709 2147 maxime
730 2105 891 2148 consonae
915 2082 1075 2169 (exceptis
1098 2085 1175 2150 solis
1199 2085 1380 2170 aspiratis),
1410 2087 1554 2172 inprimis
1581 2095 1705 2151 tenues,

239 2207 321 2270 quae
347 2207 413 2249 non
435 2187 537 2251 solum
562 2185 596 2250 in
623 2185 737 2250 mediis
760 2194 792 2248 et
813 2185 960 2250 extremis
981 2185 1129 2265 vocibus,
1161 2185 1219 2250 sed
1240 2185 1336 2250 etiarn
1357 2185 1392 2250 in
1413 2185 1504 2250 initio
1525 2187 1649 2272 positae
1672 2187 1706 2250 in

239 2293 390 2350 contextu
411 2287 566 2352 sermonis
581 2287 755 2352 secundum
770 2287 899 2352 easdem
919 2286 1008 2370 leges
1022 2294 1190 2367 mutantur,
1214 2287 1275 2350 etsi
1297 2286 1358 2351 hoo
1378 2287 1449 2351 loco
1465 2287 1621 2352 accedunt
1634 2309 1708 2373 pro-

238 2389 328 2472 priae
351 2388 506 2472 quaedam
525 2387 614 2472 leges
639 2395 670 2452 et
684 2386 869 2451 anomaliae.
902 2383 953 2450 De
975 2385 1036 2450 hac
1056 2385 1153 2470 igitur
1174 2385 1346 2451 infectione
1368 2395 1579 2452 consonarum
1600 2387 1708 2452 initia·

239 2489 317 2553 lium
338 2489 466 2576 proprio
489 2489 593 2576 capite
617 2487 805 2570 disseretur,
828 2495 997 2572 postquam
1020 2486 1059 2551 de
1081 2486 1170 2550 sonis
1192 2487 1327 2572 singulis
1350 2509 1521 2573 eorumque
1535 2487 1708 2554 infectione

241 2590 421 2676 expositum
441 2589 546 2656 fuerit.
1348 2607 1356 2616 '

239 2847 357 2907 λέοντος,
378 2849 425 2898 τισὶ
443 2840 473 2898 τό
491 2839 616 2914 ῥόπαλον
633 2840 689 2910 ἔχει
709 2840 740 2894 έν
758 2843 789 2913 τῆ
803 2839 888 2908 δεξιᾷ,
907 2842 953 2894 sul
972 2838 1021 2895 τὸν
1038 2839 1165 2912 γωρυιόν
1182 2839 1362 2912 σαρῆρτῆται,
1383 2844 1429 2896 sul
1450 2841 1478 2898 τό
1497 2840 1578 2905 τόξον
1596 2841 1707 2897 furorn-

237 2920 325 2982 μένον
343 2913 357 2982 ῆ
378 2914 506 2984 ἀριστερὰ
525 2911 713 2980 προδείκνυσι.
733 2915 778 2962 aul
796 2906 858 2969 ὅλος
875 2904 1011 2978 Ἡρακλῆς
1028 2913 1084 2965 ἔστι
1095 2949 1177 2967 .....
1191 2909 1205 2965 ὁ
1224 2912 1280 2980 γαρ
1299 2912 1333 2978 δῆ
1352 2917 1441 2982 γέρων
1456 2911 1591 2980 Ἡρακλῆς
1603 2914 1708 2970 ἐκεῖνος

239 2980 399 3050 ἀνθρώπων
416 2975 551 3047 πάμπολύ
572 2999 594 3032 τι
614 2980 722 3044 πλῆθος
739 2977 822 3044 ἕλκει,
846 2979 882 3030 ἐκ
901 2979 964 3032 τοῖν
983 2975 1076 3032 ὤτων
1095 2977 1222 3040 ἅπαντας
1240 2981 1411 3051 δεδεμένους.
1434 2981 1577 3048 δεσμάιδέ
1593 2983 1664 3032 ελσέν
1681 2983 1708 3031 ολ

238 3056 352 3122 σειραλ
374 3053 497 3106 λεπταὶ
521 3049 656 3118 χρυσοῦ
675 3051 732 3098 καλ
751 3047 915 3113 ἠλέκτρου
933 3051 1129 3118 εἰργασμέναι,
1154 3045 1250 3116 ὅρμοις
1269 3051 1383 3102 ἐοικυῖαι
1403 3055 1459 3108 τοῖς
1477 3053 1666 3108 καλλίστοις..
1681 3089 1708 3102 ..

263 3123 354 3191 αιδρολ
374 3120 488 3174 ἕπονται
506 3123 553 3171 καλ
567 3112 736 3184 γεγηθότες.
751 3154 757 3168 .
770 3153 793 3179 .,
813 3111 931 3174 ἐοικότες
943 3115 1208 3186 ἀχθεσθησομένοις,
1228 3121 1252 3171 ελ
1264 3116 1461 3182 λυθήσονται..
1472 3158 1498 3174 ..
1512 3117 1545 3170 οδ
1560 3113 1617 3185 γάρ
1635 3117 1709 3185 έγιυν

239 3211 254 3242 o
272 3187 419 3260 ζωγράφος
445 3185 512 3241 ὅθεν
536 3182 630 3248 έξάψει
653 3181 701 3242 τάς
727 3187 783 3236 τῶν
800 3183 915 3246 δεσμῶν
932 3183 1038 3253 ἀρχάς,
1062 3182 1112 3239 cire
1130 3187 1176 3251 τῆς
1195 3187 1285 3246 δεξιᾶς
1302 3187 1357 3254 μὲν
1374 3181 1426 3252 ἤδη
1448 3187 1478 3240 τὸ
1497 3183 1636 3256 ῥόπαλον,
1663 3188 1710 3251 τῆς

238 3262 316 3318 λαιιῑς
334 3257 365 3310 δὲ
385 3256 413 3310 τὸ
432 3255 514 3316 τόξον
532 3251 661 3323 ἐχούσης,
680 3248 821 3320 τρυπῆσας
840 3255 888 3304 τοῦ
908 3257 974 3306 θεοῦ
995 3253 1057 3318 τῆν
1075 3256 1232 3321 γλῶτταν
1249 3250 1378 3323 ἀκραν,
1402 3257 1436 3314 ff
1454 3255 1588 3320 ἐκείνης
1605 3254 1706 3306 ἑλκυ-

236 3333 363 3396 μένους
382 3323 486 3384 atrata
503 3324 628 3390 ἐποίησε,
646 3323 691 3372 καλ
711 3321 896 3390 έσέοτρσσται
916 3321 947 3374 δὲ
965 3325 1002 3380 εἰς
1019 3320 1083 3381 τοός
1102 3321 1259 3391 ἀγομένους
1275 3325 1392 3389 μειδιῶν
1397 3361 1482 3377 .....
1501 3323 1601 3380 Κελτὸς
1620 3323 1653 3375 δέ
1669 3341 1710 3380 τις

239 3394 394 3466 παρεστώς,
408 3431 435 3446 ..
454 3388 612 3462 (γιλόσοφος
630 3385 708 3458 οἶμαι
728 3387 759 3440 ui
780 3386 927 3457 ἐπιχώρια,
947 3389 1001 3458 ἐγώ
1021 3408 1079 3456 σοι,
1099 3391 1169 3460 ἔφη,
1186 3381 1208 3443 ὦ
1227 3395 1301 3453 ξένε,
1320 3388 1394 3443 λύσω
1413 3392 1462 3454 τῆς
1482 3393 1594 3460 γραιγῆς
1612 3389 1642 3443 τό
1662 3395 1710 3442 αλ-

240 3460 472 3534 νιγμα....ιόν
489 3456 598 3528 λόγον
620 3455 720 3525 ἡμεῖς
744 3459 776 3510 ολ
793 3460 915 3512 Κελτοὶ
935 3459 986 3527 οὐχ
1005 3455 1113 3525 ἀςτιερ
1133 3459 1234 3527 ὑμεῖς
1255 3457 1455 3526 ornatam
1471 3455 1599 3528 Ἑρμῆν
1631 3455 1709 3511 ολό-

236 3539 325 3602 μεθα
355 3528 460 3597 εἶναι,
495 3527 561 3582 ἀλλ’
579 3525 741 3594 Ἡρακλεῖ
763 3525 873 3580 αὐτόν
891 3525 1091 3592 εἰκάζομεν,
1116 3525 1157 3580 ὅτι
1177 3527 1253 3596 τιαρά
1271 3529 1343 3580 πολὺ
1362 3524 1532 3597 τυδἛρμοῡ
1554 3526 1710 3595 ἰσχυρό-

236 3621 332 3670 τερος
350 3589 460 3658 οὗτος.
479 3602 503 3653 εἰ
521 3598 553 3650 δέ
571 3601 661 3665 γέρων
679 3600 840 3668 αεσυλῆται,
864 3591 903 3661 μῆ
923 3593 1078 3668 θαυμάσρς·
1102 3593 1210 3664 μόνος
1228 3593 1297 3664 γάρ
1316 3593 1330 3648 ὁ
1350 3593 1453 3665 λόγος
1472 3596 1506 3650 έν
1523 3591 1610 3664 γήρᾳ
1630 3602 1713 3664 φιλεῖ

236 3673 329 3736 ἐντελῆ
347 3669 555 3721 λπιδείκνυσθαι
571 3658 875 3730 τῆνάτιμῆν....ὡ’στε
893 3667 917 3716 εἰ
936 3667 999 3716 τῶν
1017 3659 1109 3717 ὤτων
1127 3663 1385 3730 ἐκδεδεμένους
1403 3663 1483 3722 τοὺς
1500 3660 1713 3735 ἀνθρώπους

237 3737 321 3809 πρὸς
340 3733 575 3806 τῂΓγλυῖττιιν
594 3731 608 3792 o‘
630 3740 719 3804 γέρων
736 3720 816 3790 οὗτος
830 3727 1004 3802 Ἡρακλῆς
1022 3729 1036 3786 ὁ
1056 3729 1156 3802 λόγος
1174 3731 1255 3796 ἕλκει,
1271 3735 1342 3802 μηδὲ
1356 3735 1438 3786 τοῦτο
1453 3728 1606 3804 θαυμάσρς,
1627 3731 1714 3790 ελδάις

236 3809 287 3875 τὴν
304 3802 382 3860 ὤτων
404 3808 451 3858 καὶ
468 3799 587 3873 γλώττης
605 3807 771 3871 συγγένειαν
782 3837 865 3854 .....
885 3797 915 3853 τό
938 3801 968 3853 δὲ
987 3798 1054 3853 ὅλον
1072 3805 1118 3852 καλ
1137 3798 1223 3854 αὐτὸν
1242 3801 1320 3868 ἡμεῖς
1337 3797 1386 3854 τόν
1402 3799 1542 3867 Ἡρακλέα
1560 3798 1651 3868 λόγῳ
1669 3800 1712 3853 τὰ

236 3873 345 3930 πάντα
382 3871 563 3944 ἡγούμεθα
591 3865 857 3938 ἐξεργάσασθαι
886 3865 1001 3938 σοφὸν
1033 3865 1230 3937 γενόμενον
1259 3873 1313 3921 καὶ
1340 3873 1465 3922 πειθοῖ
1493 3868 1533 3920 τιὶ
1562 3872 1713 3921 πλεῖστα

237 3941 445 4012 βιάσασθαι.
474 3944 520 3994 ιισλ
543 3940 576 3994 ui
599 3959 631 4008 γε
649 3941 713 4024 βέλῆ
737 3935 823 3990 υάτοδ
843 3938 870 3990 οἱ
887 3934 966 4004 λόγοι
986 3940 1057 3991 ελσλν
1076 3932 1155 4002 οἶμαι
1173 3935 1244 3998 ὀξεῖς
1261 3941 1307 3989 unt
1326 3931 1452 4005 εὔστοχοι
1475 3941 1521 3989 καλ
1546 3941 1636 4005 ταχεῖς
1660 3941 1715 3990 ιιαλ

236 4015 286 4074 τάς
298 4009 392 4082 ιμυγάς
408 4008 610 4076 τιτρώσκοντες.
628 4023 777 4073 πτερόεντα
796 4005 868 4070 γοῦν
885 4002 918 4056 τά
932 4005 983 4070 inp
1003 4009 1049 4058 καὶ
1061 4001 1139 4072 ὑμεῖς
1157 4025 1228 4074 φατε
1247 4001 1326 4061 εἶναι.
1349 4008 1472 4059 τοσαδια
1489 4005 1544 4072 μλν
1563 4004 1578 4058 ὁ
1595 4001 1715 4066 Κελτός.

237 4083 342 4152 Ogmius
359 4095 419 4150 ergo
436 4079 500 4132 dous
518 4082 545 4130 et
561 4077 685 4130 sermonis
702 4071 952 4142 (Ἑρμῆςτεεττυο)
974 4077 1000 4126 et
1017 4074 1158 4143 sapientiae
1176 4072 1276 4140 (σοφὸς
1295 4069 1457 4140 γενόμενος)
1474 4088 1577 4142 praeses
1594 4075 1715 4140 utraque

235 4167 264 4203 re
275 4149 306 4203 fit
317 4151 398 4202 victor
408 4148 522 4200 omnium
534 4151 566 4198 ut
578 4146 707 4198 Hercules.
739 4145 841 4196 Avoce
860 4142 959 4194 hibern.
977 4141 1083 4212 ορλισιο,
1106 4141 1210 4212 opham,
1229 4159 1295 4212 quaa
1312 4160 1337 4194 τυ
1355 4143 1420 4195 dura
1437 4145 1526 4196 contra
1544 4157 1715 4196 communem

235 4220 350 4286 regulam
367 4221 469 4270 servata
486 4215 625 4268 concordat
642 4229 701 4265 cum
720 4212 825 4274 στιίιοστ,
848 4211 907 4262 hod.
926 4227 1004 4263 annm
1022 4211 1147 4274 (anima),
1171 4227 1223 4263 non
1247 4211 1349 4263 differre
1368 4211 1468 4264 ridetur
1486 4210 1582 4262 cambr.
1601 4210 1659 4262 hod.
1681 4213 1722 4276 of

235 4289 395 4356 (ρετοσεεο,
413 4301 438 4335 ιιι
455 4283 595 4337 εεοοοδουτ
613 4282 728 4351 regulam
746 4280 842 4332 infacta
859 4279 929 4330 sicut
946 4280 974 4332 in
991 4293 1062 4332 corn.
1074 4293 1152 4331 uram.
1171 4278 1229 4346 enp‘
1243 4283 1333 4331 contra
1351 4279 1403 4332 hib.
1423 4279 1517 4342 σοιἰῑτ),
1540 4279 1717 4344 elementum,

236 4355 304 4408 unde
327 4356 399 4406 rana
420 4353 548 4415 derivata,
572 4353 602 4404 ut
629 4351 679 4404 adi.
697 4349 754 4418 osus
772 4347 989 4411 (elementarius),
1018 4347 1131 4399 substa
1161 4347 1198 4398 old
1214 4347 1323 4411 (doctis,
1341 4347 1537 4416 philosophus),
1557 4343 1719 4414 ofyddiueth

236 4423 416 4544 (pgrgpsophip,
435 4421 562 4541 iffifial'
597 4417 635 4470 cf.
653 4417 716 4488 gaal.
735 4417 817 4469 subst
835 4413 952 4466 στ’ἀλισυι
976 4413 1022 4478 (ἀλ
1039 4430 1120 4484 prop
1144 4436 1151 4479 ;
1176 4415 1252 4478 liber,
1271 4415 1411 4479 institutio,
1437 4417 1574 4478 tractatus)
1604 4419 1631 4466 et
1655 4417 1719 4471 adi.

330 4519 332 4526 ’
433 4505 442 4541 l
500 4503 540 4541 18.

238 4507 263 4543 m
305 4492 443 4626 *abbeqfo
461 4492 548 4609 vidais
565 4555 644 4624 praef.
662 4556 689 4606 et
706 4551 874 4622 appendicem
892 4550 969 4603 huius
987 4551 1079 4620 operis.
1100 4549 1233 4615 Goelbren,
1251 4552 1349 4621 lignum
1366 4551 1516 4613 memoriae,
1535 4554 1566 4602 ut
1584 4550 1721 4618 coelfcm,

236 4627 301 4696 lapis
324 4627 468 4680 memorias.
509 4625 591 4690 Ligno
609 4623 734 4691 quadrato
756 4621 851 4673 incisas
869 4634 925 4672 esse
944 4619 1042 4672 litteras
1066 4619 1190 4672 aBardis
1213 4623 1240 4672 et
1261 4619 1322 4672 iude
1339 4635 1433 4672 nornen
1449 4619 1557 4672 ductim
1574 4617 1722 4737 alphabeti

234 4696 310 4748 incisi
327 4693 419 4748 asserit
436 4697 554 4747 Owenus.
586 4692 636 4744 Sed
654 4707 739 4742 nonne
758 4690 835 4742 etiam
854 4686 969 4740 coclbrea
993 4703 1087 4741 nomen
1104 4689 1242 4757 singularis
1260 4687 1377 4750 litterae,
1400 4690 1456 4744 ie.
1474 4703 1573 4749 ramus,
1616 4689 1724 4745 aculus

236 4764 378 4826 momoriae,
397 4766 427 4816 ut
444 4777 522 4831 germ.
541 4757 661 4812 buclutnt
679 4759 798 4822 (baculus
816 4757 906 4820 libriJ?

794 5025 801 5039 0
870 5027 1072 5040 ...ι-η
