3684 5648
413 348 441 415 I.
466 352 492 415 1.
527 365 705 414 consonas
726 365 932 416 meramors
955 346 1147 414 ermannus.
1387 353 1439 414 (⁵8)
1473 352 1514 414 47
1628 346 1632 358 ’

76 537 149 604 Caes.
185 535 368 616 Tricasses,
402 534 614 617 Viducasses,
644 535 859 602 Bodiocasses
888 537 1020 623 (populi
1046 536 1173 622 gallici)
1200 535 1283 600 Plin.
1323 536 1514 603 Baiocasses

74 639 151 704 Notit
171 637 314 725 provinc.
337 635 470 703 Galliar.
501 635 699 703 Vindonissa
720 638 794 704 Itin.
829 637 951 706 Salassi
971 638 1043 703 Lir.
1075 637 1232 704 Revessio
1254 638 1327 702 ltin.

138 740 278 806 Eandem
301 739 476 825 spirantem
498 739 697 806 subiunctam
718 739 867 826 gutturali
889 739 923 804 in
938 748 1063 806 vetusta
1084 739 1193 826 lingua
1207 739 1323 824 gallica
1344 741 1517 826 significari

75 843 160 908 littera
179 841 213 907 X
233 849 324 928 patet
343 841 428 922 inde,
452 841 537 926 quod
559 841 627 907 cius
648 842 718 908 loco
740 842 833 907 modo
854 842 982 908 amodo
1005 843 1041 906 cb
1063 841 1131 926 (vel
1152 840 1187 925 i)
1208 840 1364 927 profertur
1384 851 1448 907 tam
1469 843 1518 908 hi·

75 943 181 1010 bernica
208 965 302 1029 quam
324 941 511 1008 britannice.
556 942 618 1010 Cui
646 965 726 1010 sono
755 943 784 1009 si
810 945 851 1009 ob
874 943 1078 1030 scriptionem
1098 941 1157 1010 XS
1184 942 1270 1007 haud
1288 942 1518 1029 infrequentem

54 1064 56 1072 ’
76 1043 370 1132 iniuscriptionibus
393 1044 527 1109 eandem
547 1045 838 1132 pronuntiationem
858 1045 1022 1111 uindicare
1044 1045 1138 1126 velis,
1168 1068 1231 1131 qua
1250 1043 1391 1108 indicum
1411 1045 1449 1108 ii
1474 1045 1519 1110 ef-

74 1149 153 1214 fertur
179 1156 213 1210 ut
238 1146 273 1212 in
294 1144 471 1212 notissimis
494 1145 633 1210 diotrdm
655 1147 864 1235 (imperium),
893 1147 1039 1230 iiotoijos
1065 1146 1186 1230 (miles,
1215 1145 1383 1232 optimas),
1412 1147 1519 1213 obstat

73 1249 115 1316 isti
139 1247 278 1336 opinioni
307 1247 407 1312 altera
429 1245 590 1313 scribendi
613 1250 824 1331 consuetudo,
852 1271 916 1335 qua
941 1271 1006 1313 non
1034 1249 1135 1314 solum
1161 1247 1196 1311 in
1222 1247 1327 1312 media
1354 1269 1433 1312 voce
1462 1249 1520 1314 sed

74 1352 150 1415 etiam
164 1350 195 1415 in
210 1347 395 1416 extremaX
407 1356 439 1413 ct
451 1347 475 1416 S
490 1358 697 1416 commutatae
711 1350 925 1430 inveniuntur,
942 1358 978 1413 ut
989 1348 1157 1428 Atimeteac,
1172 1349 1303 1413 Alcaco·
1315 1356 1346 1413 et
1358 1351 1518 1430 diiunctus,

74 1453 175 1515 Alenus
201 1451 314 1536 (Beitr.
340 1449 403 1516 III.
424 1451 513 1534 211).
563 1450 637 1533 Qua
660 1452 834 1540 scriptione
859 1451 949 1514 illum
969 1451 1076 1538 potius
1099 1471 1211 1515 sonum
1234 1449 1406 1534 significari
1435 1453 1519 1518 haud

74 1553 261 1640 improbabile
283 1552 417 1632 videtur,
441 1574 535 1638 quem
556 1552 707 1618 Germani
731 1553 910 1618 etiamnunc
932 1551 1108 1632 scribimus,
1132 1549 1258 1615 tametsi
1277 1573 1342 1616 non
1364 1554 1426 1618 iarn
1447 1577 1520 1641 pro·

75 1657 249 1720 nuntiamus:
279 1655 339 1719 cie.
387 1651 546 1740 Exempla
566 1663 706 1720 vanata:
735 1657 866 1735 Acrona,
895 1651 1137 1738 Tacimagulus,
1166 1651 1402 1718 Unellodunum
1425 1653 1519 1722 Caes.

75 1758 214 1822 Arueuna
241 1756 317 1822 Itin.
343 1756 464 1820 Anton.
498 1753 796 1824 Venacomodurum
819 1755 924 1839 (Raet.
948 1753 1072 1840 oppid.)
1099 1753 1198 1820 Notit.
1227 1753 1337 1838 dignit.
1366 1755 1522 1824 Uracona

75 1858 168 1942 (Brit.)
182 1858 256 1924 Itin.
271 1859 392 1924 Anton.
413 1846 587 1938 Οἰῖξελλον,
616 1847 764 1933 Οἰῖξελλα
780 1857 916 1944 (oppida
931 1854 1037 1939 Brit),
1050 1848 1231 1929 Ὀὐέξιιλλα
1247 1855 1397 1939 (aestuar.
1413 1857 1519 1944 Brit),

75 1951 175 2034 Λόξας
198 1959 288 2042 (fluv.
303 1957 401 2042 Brit.)
423 1955 506 2022 Ptol.
535 1957 671 2024 Leaovii
694 1957 788 2028 Caes.
815 1957 962 2023 Lurouo
984 1955 1085 2021 Inscr.
1110 1953 1207 2020 Orell.
1224 1957 1316 2022 2024.
1342 1957 1522 2026 Lucetium

75 2063 204 2144 (monast
224 2061 322 2128 medii
345 2059 432 2141 aevi,
454 2059 527 2126 hod.
549 2059 721 2146 Luxeuil).
755 2059 932 2128 Pleumoeii
961 2057 1054 2126 Caes.
1082 2055 1227 2123 Moesius
1249 2057 1397 2145 Inscript.
1422 2061 1521 2144 Orell,

74 2165 132 2253 419.
157 2161 285 2228 Ricsius
308 2160 407 2228 Orell.
422 2163 515 2228 4983.
544 2159 695 2246 Decsiva,
717 2161 871 2229 Dccsivia
893 2161 983 2241 (dea3
1008 2157 1156 2240 θὲξιμον,
1179 2158 1296 2226 herbae
1317 2183 1432 2226 nomen
1455 2165 1522 2249 gal·

73 2266 154 2331 licum
174 2288 223 2352 ap.
244 2263 393 2330 Dioscor.
416 2261 477 2348 leg.
502 2259 658 2342 δέξιμονὲ
680 2263 719 2331 cf.
736 2285 856 2330 sanscr.
872 2262 1012 2342 dcikir'rea,
1036 2283 1081 2347 gr.
1105 2255 1221 2342 δεξιός,
1243 2260 1296 2326 lat.
1320 2263 1434 2345 docter,
1458 2265 1521 2330 bib.
1600 2303 1604 2318 v

73 2377 126 2432 ret
145 2369 203 2448 dee,
226 2367 297 2434 brit.
320 2365 429 2446 dmm)
453 2363 550 2430 Orell.
576 2367 667 2432 1988.
699 2366 812 2432 Briaia
834 2362 1103 2448 (Cenomanorum
1124 2363 1232 2447 caput)
1254 2361 1325 2427 Lir.
1347 2362 1523 2431 Brieellum

73 2467 137 2538 Tac.
164 2465 236 2534 Itin.
265 2467 406 2534 Chrinus
442 2465 615 2550 (Boiorum
637 2468 713 2553 rex)
744 2466 801 2534 Sil.
823 2465 894 2532 Ital.
922 2463 1058 2532 Senicco
1087 2461 1271 2529 Seniasonis
1292 2465 1336 2529 fil.
1371 2464 1522 2555 Inscript.

73 2571 175 2638 Mna
199 2571 291 2651 1402,
313 2571 343 2634 5.
386 2567 497 2634 Adde:
527 2567 684 2652 Ombeao,
705 2569 884 2650 Borrama,
907 2567 1103 2647 Hennaeus,
1130 2563 1288 2632 Berhacis
1310 2574 1342 2631 et
1362 2566 1523 2651 Barhoeis,

73 2671 299 2751 Dunnohcacis,
337 2669 509 2737 Ulolroaeis
541 2677 573 2736 et
599 2669 773 2750 Ulobocis,
805 2669 955 2736 Bihoasis
993 2677 1025 2735 et
1055 2665 1257 2732 Bihoocinnis
1296 2665 1332 2750 (1
1354 2669 1382 2734 si
1417 2679 1524 2736 tamen
1578 2717 1581 2723 -

74 2783 147 2842 reete
165 2775 227 2840 huc
248 2768 448 2854 referuntur)
475 2770 611 2837 Baitai.
628 2794 654 2836 c.
697 2771 737 2838 In
760 2756 959 2859 compositis:
981 2769 1146 2848 Euobnus,
1169 2767 1335 2834 Euomnus
1357 2769 1438 2854 (bib.
1460 2781 1523 2838 vet

75 2899 190 2958 omnmo,
213 2875 330 2942 cambr.
353 2874 469 2960 elwuyn
490 2871 578 2940 Mab.
594 2873 624 2955 2,
640 2875 691 2955 64,
713 2873 905 2960 intrepidus)
928 2871 1029 2938 Inscr.
1052 2869 1151 2938 Stein.
1175 2869 1225 2949 68,
1242 2869 1314 2934 401.
1343 2869 1527 2961 Eacingilla

74 2975 175 3043 llurat
200 2977 291 3042 1621.
322 2973 574 3056 Eccincomarus
597 2973 689 3042 Grut.
706 2977 777 3055 911,
794 2976 823 3039 2.
866 2973 906 3040 In
920 2973 1096 3062 positione:
1119 2969 1337 3056 Andouponni
1358 2971 1401 3037 fil.
1424 2973 1525 3042 Inscr.

73 3077 176 3144 llurst
199 3079 291 3158 1204,
308 3078 337 3143 5.
365 3075 545 3142 Mediviata
566 3074 746 3157 (11111795,
764 3077 792 3142 8.
820 3075 936 3141 Murat.
959 3074 1104 3156 20731,
1127 3071 1390 3158 Abreatubogius
1409 3074 1525 3142 Murat.

75 3180 118 3260 11,
132 3183 159 3246 5.
192 3179 288 3258 Addo
315 3173 515 3260 Ταξγαίτιον
537 3175 642 3261 (Raet.
665 3176 742 3261 loc.)
763 3176 857 3259 Ptol,
879 3175 1033 3242 Bonoaus
1055 3173 1186 3258 (nomen
1199 3172 1305 3260 figuli)
1328 3167 1428 3241 Stein.
1452 3179 1521 3244 cod.

75 3281 202 3368 inscript
218 3280 348 3346 Danub.
371 3287 404 3344 et
416 3277 521 3343 Rheni
536 3279 606 3360 207,
629 3278 766 3345 Pictilos
781 3278 957 3344 Duchalais
979 3301 1010 3363 p.
1030 3279 1099 3340 171.
1115 3277 1178 3340 460
1193 3297 1273 3361 sqq,
1296 3274 1405 3341 Alicio
1426 3277 1525 3344 Beck.

75 3383 100 3457 4
120 3405 195 3466 quac
214 3382 346 3449 uomina
366 3379 443 3446 alibi
471 3380 591 3466 scripta
612 3391 688 3446 sunt
708 3403 765 3467 per
787 3381 887 3446 solam
907 3403 934 3444 a:
958 3377 1123 3464 Tasgetius
1140 3375 1245 3456 Caes,
1268 3375 1412 3444 Bonosus
1429 3371 1527 3464 (ὀπὶ-

76 3482 140 3564 gine
158 3483 339 3564 Britannus,
363 3480 460 3549 Galla
479 3472 614 3566 matre'')
636 3480 768 3568 Vopisc.
791 3481 916 3546 Firmus
940 3488 998 3546 etc.
1023 3502 1092 3564 cap.
1111 3481 1158 3558 14,
1181 3477 1323 3542 Piaillus
1347 3479 1437 3546 Grut.
1457 3483 1525 3564 130,

76 3583 102 3661 9,
119 3583 229 3652 Aliaiia
247 3586 347 3654 Beck.
365 3587 384 3652 3
406 3593 441 3650 et¹
457 3583 570 3648 Alesia
585 3580 696 3664 Caes.;
720 3582 856 3669 denique
871 3582 1016 3648 Andoaeo
1032 3591 1064 3646 et
1076 3579 1235 3645 Andoeus
1251 3580 1284 3644 in
1298 3581 1408 3646 eadem
1429 3581 1526 3646 inser.

77 3687 109 3768 (l.
122 3712 147 3755 c.
161 3689 218 3756 III.
234 3689 324 3775 211).
368 3685 477 3769 Quare
499 3707 571 3750 cum
593 3684 632 3749 de
653 3685 674 3748 le
695 3683 826 3750 radicali
847 3684 976 3770 linguae
998 3682 1132 3769 gallicae
1154 3690 1300 3746 vetustae
1322 3681 1527 3748 dubitandum

77 3793 121 3872 sit,
141 3795 228 3879 quasi
249 3792 314 3857 duo
336 3790 455 3878 gradus
478 3783 662 3872 spirationis
684 3787 718 3852 in
740 3809 779 3852 ea
799 3786 948 3852 ridentur
968 3785 1068 3850 fuisse
1089 3806 1104 3846 a
1125 3791 1157 3848 et
1178 3807 1208 3846 o.

148 3893 221 3960 Jet
240 3893 273 3960 V
301 3893 337 3958 in
358 3888 539 3958 nominibus
566 3887 692 3971 gallicis
719 3889 867 3954 vetustis.
916 3886 940 3952 J
964 3887 1000 3951 in
1025 3883 1184 3973 principio
1212 3884 1425 3969 potissimum:
1455 3885 1530 3952 Iura

78 3991 161 4062 cra.
186 3995 338 4062 bravum
359 3993 434 4058 ltin.
462 3989 611 4075 inscript
646 3987 995 4054 lovincillifil.1nscr.
1018 3986 1105 4052 Brix.
1127 3983 1244 4050 Murat.
1269 3986 1360 4068 1358,
1383 3990 1411 4050 6.
1441 3985 1529 4054 Icin-

61 4093 171 4175 ¹cissus
194 4095 330 4164 Steiuer.
355 4095 446 4160 1583.
475 4091 564 4172 Iaso,
588 4089 698 4158 Iassos
726 4090 775 4174 (in
796 4111 864 4155 vas.
887 4087 1003 4175 figlin.)
1026 4085 1219 4153 01411419.
1249 4085 1528 4172 Veriugodumnus

78 4193 168 4263 lnam.
189 4197 285 4264 Orell.
308 4195 402 4261 2062.
431 4190 693 4260 IummaExobni
713 4191 756 4256 fil.
774 4191 834 4256 civ.
857 4188 1087 4256 Mediomatric.
1104 4189 1210 4252 Atuns
1226 4187 1347 4252 Iunnae
1361 4189 1404 4252 fil.
1429 4183 1529 4257 Steiri.

80 4297 123 4362 68.
153 4297 345 4366 lautumarus
373 4295 464 4364 Grut.
494 4294 573 4376 807,
598 4296 627 4358 5.
656 4293 728 4375 880,
749 4295 779 4356 4.
831 4290 1072 4358 Dubitationem
1099 4297 1226 4354 movent
1252 4281 1531 4379 inoperationum

83 4397 248 4485 (iuniperus
269 4399 406 4484 Gallis),
436 4389 647 4480 ἱουμβαρούμ
676 4393 855 4479 (veranum
883 4391 1008 4477 nigrum
1028 4388 1086 4474 G.)
1113 4390 1259 4456 Dioscor.
1284 4391 1311 4472 1,
1337 4391 1406 4457 103.
1429 4393 1458 4472 4,
1481 4394 1530 4456 16.
1643 4483 1649 4488 .

80 4495 113 4562 lu
133 4502 232 4568 media
252 4524 348 4569 voce:
375 4498 578 4579 Baiocasses,
599 4495 767 4562 Baiocassi
788 4495 888 4561 Notit.
910 4493 1052 4580 provinc.
1075 4490 1207 4558 Galliar.
1224 4495 1348 4560 Auson.
1375 4490 1531 4562 Bedaium
1748 4533 1751 4548 .

80 4595 144 4666 ltin.
169 4602 337 4670 Deiotarus
358 4599 428 4669 Cic.
450 4597 545 4665 Caes.
572 4597 692 4664 Noreia
713 4595 809 4664 Caes.
831 4595 906 4662 Itir'r.
942 4593 1069 4673 Celeia,
1100 4593 1238 4660 Matreia
1259 4593 1334 4659 ltin.
1365 4593 1531 4662 Sidonieia

81 4695 170 4772 lusor.
195 4705 285 4774 Grnt.
313 4706 385 4786 736,
408 4703 437 4768 2.
470 4700 571 4767 Boius
600 4697 731 4783 (nomen
759 4696 835 4782 viri)
862 4696 957 4763 Auct.
987 4696 1027 4762 ad
1049 4695 1190 4762 Heroon.
1214 4699 1244 4778 4,
1268 4698 1297 4762 3.
1336 4695 1531 4763 Boiodurum

83 4801 167 4884 (nom.
181 4807 302 4896 oppid.)
323 4805 408 4872 Ptol.
423 4804 496 4870 Itin.
524 4801 598 4868 Boii
619 4800 753 4885 (nomen
775 4799 898 4888 gentis>
922 4798 1015 4865 Caes.
1039 4796 1114 4863 Tac.
1147 4798 1318 4863 Praeterea
1340 4797 1374 4862 in
1394 4797 1531 4884 inscrip-

82 4907 206 4976 tionibus
227 4933 293 4976 non
316 4909 410 4974 modo
434 4909 486 4987 cri,
507 4908 551 4972 cii
569 4911 696 4991 reperta
710 4911 794 4984 sunt,
816 4923 947 4987 quorum
963 4899 1108 4986 exempla
1123 4922 1220 4986 supra
1234 4899 1304 4988 (pp.
1321 4901 1370 4966 30.
1388 4898 1443 4984 31)
1458 4921 1531 4986 pro·

83 5011 239 5094 posmmus,
263 5009 438 5078 sedetiam
462 5009 490 5072 ii
509 5007 559 5074 bis
584 5005 620 5072 in
641 5029 706 5070 una
725 5003 821 5070 inser.
850 5001 964 5088 (Beck.
985 5001 1037 5086 3):
1066 5001 1272 5088 dugiiontiio,
1301 5001 1436 5082 Alisiia,
1470 5023 1533 5086 qua

83 5110 237 5198 scriptione
255 5112 284 5196 ij
302 5107 478 5198 significari
497 5129 565 5174 non
586 5113 636 5176 est
656 5106 743 5195 quod
756 5103 891 5174 dubites.
919 5103 1101 5170 Alter-natio
1121 5101 1233 5186 intsrj
1253 5104 1333 5189 stpi
1347 5099 1533 5187 colligenda
