3678 5650
278 498 289 512 ,
322 433 382 498 ΙΙΙ.
403 435 433 499 2.
467 447 568 495 vsanr
589 449 764 500 umnnmcr
788 455 901 502 ucrrvr
922 454 1091 504 rannerus
1114 453 1314 504 rnrurmuu.
1383 439 1455 501 (429)
1487 438 1548 524 427

82 619 148 683 lum
171 620 359 700 subiectum,
383 617 557 684 sedetiam
580 619 738 686 obiectum
761 623 850 688 verbi
866 622 1049 706 significari,
1074 624 1229 688 interdum
1253 620 1460 687 antecedente
1484 646 1549 687 am-

82 721 169 805 plius
193 720 378 805 pronomine
400 719 544 800 relativo,
569 719 706 806 denique
727 723 915 790 relationem
936 725 1096 810 obliquam
1118 734 1192 810 post
1205 722 1336 788 nomina
1357 733 1412 786 aut
1433 747 1548 810 prono-

81 822 180 904 mina,
203 843 284 906 quae
301 831 454 906 sequente
475 820 608 888 relativo
625 821 883 890 coniunctionum
904 847 996 890 usum
1012 825 1171 911 supplent,
1194 834 1228 889 ut
1248 825 1299 887 o're
1321 823 1442 908 (quia),
1466 828 1551 890 amal

80 923 158 1006 (ut),
184 925 250 986 cain
272 922 464 1007 (quamdiu),
487 923 588 986 iacula
610 923 706 1008 (cum,
729 925 881 1010 quando),
906 928 981 990 lasse
1003 925 1105 1010 (cum)
1129 935 1188 991 etc.
1233 923 1417 992 Ceterarum
1439 949 1549 1012 perso-

80 1046 196 1090 narum
216 1023 334 1090 formae
356 1024 509 1090 relativae
529 1047 595 1089 non
619 1026 767 1092 differunt
789 1049 809 1090 a
828 1026 937 1092 formis
961 1025 1126 1108 absolutis,
1151 1027 1188 1092 cf.
1205 1027 1428 1111 opi-edclumruc
1448 1028 1549 1113 (quod

82 1127 331 1211 praedicamus),
355 1125 508 1188 aandirsid
528 1137 556 1188 et
570 1124 725 1211 jblar'btlre
747 1128 848 1214 (quod
868 1128 1041 1213 resurgetis
1064 1139 1096 1194 et
1116 1127 1307 1212 regnabitis)
1331 1126 1404 1193 Wb.

168 1227 385 1293 Formationis
407 1234 510 1292 autem
531 1227 611 1294 haec
633 1238 682 1294 est
704 1229 769 1312 lex,
800 1240 834 1295 ut
855 1253 873 1296 e
894 1228 1075 1316 praesentis
1098 1228 1237 1314 primarii
1259 1227 1397 1294 themate
1426 1238 1550 1314 praeter

79 1331 306 1416 imperativum
330 1336 362 1392 et
382 1350 536 1414 praesens
559 1331 780 1396 secundarium
797 1331 1046 1417 (imperfectum)
1070 1329 1229 1394 derivetur
1252 1329 1473 1394 coniunctivus
1495 1353 1549 1396 ac-

79 1435 220 1498 cedente
244 1429 348 1496 vocali
362 1431 404 1512 A,
428 1453 445 1496 e
467 1432 571 1497 futuro
594 1431 742 1517 primario
765 1433 904 1499 futurum
926 1432 1156 1512 secundarium,
1181 1453 1251 1496 cum
1273 1433 1437 1517 praeteriti
1458 1434 1551 1498 tertia

78 1535 192 1620 specie
226 1531 458 1620 quodammodo
492 1533 663 1598 concordet
692 1535 914 1600 secundarium
954 1546 985 1599 et
1011 1533 1149 1599 futurum
1176 1532 1353 1617 (exactum)
1386 1555 1424 1599 ao
1452 1535 1550 1601 mixta

78 1636 281 1703 coniunctivi
304 1645 335 1700 et
357 1634 491 1721 optativi
512 1633 619 1700 forma.
1567 1621 1571 1628 ¹

577 1905 635 1971 De
657 1905 792 1970 formis
814 1905 1058 1990 praesentis.

172 2043 293 2110 Thema
314 2041 493 2130 praesentis
515 2039 678 2104 hibernice
700 2040 832 2126 perinde
854 2049 948 2125 atque
976 2039 1008 2103 in
1031 2039 1146 2104 ceteris
1169 2040 1273 2104 aricae
1296 2039 1405 2126 stirpis
1428 2043 1547 2128 linguis

76 2157 134 2212 aut
151 2147 292 2212 radicem
307 2145 410 2230 ipsam
425 2141 539 2222 reddit,
560 2142 652 2206 cuius
668 2142 714 2206 rei
730 2141 894 2206 rarissima
915 2150 989 2205 sunt
1004 2141 1150 2227 exempla
1173 2150 1206 2206 ut
1221 2165 1272 2206 cur
1287 2143 1381 2227 (sum,
1397 2173 1430 2196 =
1444 2141 1566 2230 asari),

76 2259 135 2313 aut
158 2247 298 2312 eradica
314 2245 474 2311 derivatur
489 2243 586 2307 variis
602 2241 715 2322 modis,
740 2252 774 2306 ut
788 2243 909 2308 vocalis
925 2243 1133 2307 incremento:
1158 2243 1328 2324 acl-fiod-ot
1343 2243 1547 2330 (proferunt),

68 2351 240 2435 J'or-tlu'ap
256 2347 421 2432 (adiuvo);
437 2353 472 2408 ut
487 2365 628 2410 consona
644 2369 663 2406 a
679 2344 788 2408 addita
803 2343 853 2408 vel
869 2367 889 2408 a
902 2345 979 2408 fine:
997 2343 1111 2406 herr-im
1126 2343 1235 2428 (ferio3
1252 2343 1290 2408 cf.
1307 2345 1380 2426 rote,
1396 2347 1548 2430 abaciam,

77 2449 237 2532 inadibilia,
254 2445 487 2530 circumcisus),
504 2446 727 2510 ara-edricus
744 2444 893 2528 (defici03
917 2446 1029 2526 erolus,
1046 2444 1214 2530 defectus),
1237 2469 1358 2510 aea-ca
1373 2447 1441 2533 (qui
1459 2449 1549 2530 c'mit3

74 2551 205 2633 crz'tdid,
229 2551 334 2634 emax)
357 2548 408 2614 vel
423 2549 627 2633 interposita:
650 2549 796 2632 incl-lucy
818 2545 934 2630 (find03
957 2548 1093 2626 radlach,
1110 2547 1288 2633 diaeresis),
1303 2549 1436 2636 sic-lcap
1456 2550 1551 2636 (tolc-

73 2652 179 2733 rati03
197 2649 317 2736 foloch,
340 2650 411 2734 id),
433 2669 581 2735 arm-arry
603 2649 726 2734 (posse,
749 2648 911 2734 potentia3
935 2649 1098 2729 avorootte,
1121 2647 1191 2732 id),
1216 2649 1255 2714 de
1271 2671 1334 2734 qua
1354 2674 1389 2715 re
1410 2652 1552 2717 confera-

74 2771 131 2820 tur
155 2754 210 2818 lib.
227 2753 266 2818 V.
309 2752 373 2817 Per
394 2751 563 2816 flexionem
585 2762 691 2814 tamen
714 2751 820 2815 omnia
840 2750 922 2814 baec
943 2748 1032 2833 (nam
1054 2749 1093 2812 de
1115 2749 1182 2815 illis
1203 2751 1286 2816 inter
1307 2753 1455 2817 anomala
1475 2775 1549 2839 age·

72 2857 144 2940 tur)
170 2855 211 2919 ad
231 2865 296 2920 tres
317 2853 520 2939 potissimum
541 2853 668 2935 speeies
690 2852 836 2933 redeunt,
865 2873 1000 2937 quarum
1022 2851 1202 2915 differentia
1222 2887 1264 2900 -
1296 2853 1402 2918 deleta
1423 2877 1493 2919 oum
1514 2855 1548 2920 in

71 2955 196 3024 ceteris
218 2955 326 3021 formis
342 2977 440 3040 saepe
462 2976 520 3039 per
535 2976 604 3018 eam
618 2953 777 3018 vocalium
800 2951 1072 3033 assimilationem,
1096 2974 1190 3037 quam
1206 2976 1304 3039 supra
1318 2955 1388 3042 (pp.
1405 2958 1433 3020 8.
1450 2958 1479 3019 9.
1500 2957 1546 3020 13.

74 3059 135 3143 15)
150 3057 325 3142 attigimus,
352 3065 418 3120 tum
434 3077 561 3139 semper
574 3054 607 3120 iu
622 3055 731 3120 formis
747 3054 902 3120 absolutis
919 3089 960 3100 -
976 3063 1103 3118 servata
1117 3055 1255 3120 maxime
1268 3057 1408 3120 cernitur
1421 3058 1455 3122 in
1471 3059 1546 3124 sub·

69 3163 189 3227 iuncta
208 3159 316 3224 forma
331 3159 361 3223 3.
381 3179 466 3243 pers.
492 3159 590 3241 sing.:
613 3157 728 3239 -ba(r)·r
747 3155 848 3239 (fert),
871 3179 963 3220 coro
984 3155 1110 3241 (amat),
1133 3162 1224 3222 -erea
1237 3159 1378 3244 (credit).
1422 3157 1548 3239 Quibus

71 3261 238 3348 exemplis
261 3260 433 3326 secundum
451 3282 498 3340 ea,
522 3280 602 3343 quae
624 3279 719 3344 supra
740 3280 771 3342 p.
790 3257 849 3322 173
873 3257 1092 3338 disseruimus,
1116 3257 1196 3324 haec
1210 3261 1350 3327 themata
1370 3260 1548 3347 praesentis

70 3365 241 3453 primitiva
262 3362 478 3426 declarantur:
502 3360 591 3438 bera,
613 3363 704 3440 curu,
728 3358 821 3442 (crull
840 3357 906 3442 vel)
930 3361 1034 3422 cretio.
1078 3359 1170 3442 Quae
1193 3371 1305 3448 quarta
1323 3363 1448 3448 species
1471 3384 1548 3426 con-

71 3467 170 3534 stitui
191 3465 317 3530 videtur
337 3462 438 3527 forma
461 3463 530 3547 -pru'
551 3460 667 3545 (facit),
690 3460 827 3545 insignis
850 3469 978 3524 servata
999 3463 1103 3528 vocali
1127 3466 1139 3526 ί
1159 3465 1314 3550 producta
1335 3464 1445 3549 (quam
1465 3464 1505 3528 ad
1520 3467 1550 3528 ci
1594 3494 1598 3500 ·

68 3567 309 3655 diphthongum
332 3564 436 3630 redire
457 3587 487 3648 p.
505 3565 544 3628 32
561 3561 788 3645 coniecimus),
812 3561 927 3627 ceteris
940 3563 1051 3630 formis
1071 3565 1235 3651 plerisque
1257 3575 1292 3630 nt
1312 3567 1433 3651 palam
1454 3565 1546 3649 (faci-

67 3669 174 3754 mus),
199 3671 301 3754 -9ru'ot
317 3666 468 3751 (faciunt)
489 3687 605 3730 meram
620 3665 803 3730 varietatem
826 3686 862 3728 se
883 3665 1016 3749 praebet
1038 3668 1132 3732 seriei
1147 3667 1276 3752 primae,
1300 3667 1545 3752 comparandam

70 3770 226 3838 varietati
248 3768 343 3836 seriei
364 3769 483 3855 primae
505 3767 540 3830 in
555 3767 779 3833 declinationis
802 3767 912 3832 ordine
927 3768 1042 3853 priore.
1086 3767 1137 3832 Do
1153 3769 1260 3834 verbis
1284 3768 1428 3833 eiusdem
1451 3768 1545 3834 seriei

66 3877 105 3940 in
132 3873 250 3940 seriem
273 3871 401 3938 tertiam
422 3868 672 3950 transeuntibus,
695 3867 896 3933 conferendis
918 3867 1017 3935 latino
1039 3873 1137 3955 ropac,
1160 3871 1271 3935 videas
1293 3869 1384 3936 infra.

681 4034 946 4103 Indicativus.

446 4189 456 4213 ε
604 4155 738 4222 Formae
759 4157 892 4222 activae.
1129 4157 1227 4224 Verbi
1243 4158 1443 4244 deponentis.

408 4277 522 4342 Absol.
577 4275 646 4343 Ser.
669 4275 695 4340 I.
780 4273 848 4342 Ser.
865 4274 906 4340 ll.
954 4275 1023 4343 Ser.
1039 4276 1101 4341 lIl.

178 4397 231 4484 Sg.
256 4421 303 4484 ps.
330 4401 357 4461 l.
415 4396 510 4460 baum
578 4397 664 4459 -br'rrr
789 4419 880 4458 -carva
973 4397 1085 4457 -cretr'a
1181 4395 1292 4458 labam·

332 4500 360 4562 ι).
414 4497 480 4560 bcru'
578 4497 642 4560 -bir
787 4501 871 4561 -carr'
973 4498 1063 4558 -creti
1182 4497 1329 4560 lobrr'tlrer

352 4649 360 4664 .
413 4598 509 4682 told,
574 4598 671 4680 -ber,-
691 4598 756 4664 ber'r
786 4623 879 4665 -σανα
971 4599 1064 4660 -cretr'
1180 4599 1334 4679 causat,

413 4701 494 4766 beree
1164 4699 1344 4764 -lchrothar

413 4887 512 4952 tame
573 4885 695 4950 -heram
784 4909 908 4953 -corom
970 4897 1092 4950 creton
1180 4887 1342 4951 labrarncr

351 5040 358 5053 .
412 4988 512 5052 berthe
573 4987 674 5050 -berrd
784 4993 893 5054 ·corz'cl
969 4991 1082 5059 -cretid
1181 4989 1285 5052 lubrici

351 5141 359 5155 .
412 5089 499 5170 berit,
572 5090 673 5155 derat
783 5103 889 5156 ·rurut
969 5101 1074 5153 -orctet
1179 5089 1314 5170 labra'tir,

410 5191 491 5257 berte
1163 5190 1321 5256 -lohratar
