3684 5648
279 353 318 420 36
349 354 402 417 (43)
760 350 787 418 Ι.
813 354 839 416 l.
874 369 1052 418 oovsorvsn
1074 369 1247 418 enarrans.

276 524 352 604 dere
373 560 440 603 non
462 535 641 604 dubitamus
663 545 793 626 propter
813 537 930 605 formas
953 561 1073 623 atropos
1096 547 1128 606 et
1147 537 1212 605 bib.
1229 539 1330 620 lotrad,
1354 537 1393 604 de
1415 538 1531 625 quibus
1553 562 1650 628 supra
1672 541 1734 628 egi·

280 663 364 721 mus;
386 639 448 706 hoc
469 647 504 703 ut
526 639 561 704 in
582 639 711 726 linguis,
736 661 815 725 quas
838 641 949 706 dicunt
968 665 1124 723 romanas,
1148 640 1196 706 sie
1217 639 1251 704 in
1271 649 1379 706 vetere
1401 642 1464 706 iam
1485 641 1601 727 gallica
1620 640 1734 708 factum

278 764 351 808 esse
367 742 531 808 credamus
548 750 681 826 oportet,
706 742 834 809 sirecte
854 743 1004 808 traditum
1025 751 1075 809 est
1094 741 1253 828 Agedinci
1276 741 1388 829 oppidi
1410 765 1525 808 nomen
1545 742 1579 807 in
1601 743 1733 832 inserip-

275 843 362 910 tione
385 843 492 930 aliqua
519 843 628 932 Apiod.
658 844 809 930 seriptum
832 867 903 912 esse
933 844 987 929 (of.
1008 844 1125 913 Gluck.
1151 845 1200 908 16.
1222 853 1287 908 not.
1305 844 1350 928 2).
1395 843 1470 926 Qua
1492 846 1562 910 soni
1585 847 1734 912 exubera-

276 945 363 1011 tione
384 946 518 1012 forsitan
541 944 716 1032 explicetur
736 945 815 1011 illud
839 969 872 1031 η,
894 949 981 1033 quod
1000 971 1058 1035 pro
1081 971 1096 1012 e
1118 954 1264 1032 correpta
1284 969 1350 1013 non
1372 947 1473 1012 solum
1495 948 1580 1034 apud
1603 949 1734 1036 scripto-

150 1087 154 1102 .
275 1069 328 1113 res
348 1070 480 1133 graecos
504 1047 556 1131 (ut
568 1048 651 1115 Ptol.
676 1041 845 1134 Νεμῆται)
865 1049 1036 1130 invenitur,
1060 1049 1227 1115 sedetiam
1242 1049 1275 1114 in
1290 1048 1552 1136 inscriptionibus
1567 1048 1734 1134 (νεμηιον)

277 1158 308 1214 et
328 1150 463 1216 nummis
486 1148 623 1236 (qud)
644 1171 758 1237 graece
780 1149 918 1236 scriptis.

360 1248 426 1318 Sed
448 1261 608 1338 utcunque
634 1251 673 1317 de
694 1251 756 1317 hoc
776 1253 805 1316 ie
826 1252 1027 1318 statuendum
1049 1259 1107 1333 est,
1130 1254 1171 1318 ad
1191 1253 1384 1320 hibernicam
1406 1253 1544 1340 huguam
1567 1263 1653 1320 certe
1674 1277 1735 1320 non
1830 1255 1831 1266 ’

276 1353 421 1439 pertinet,
445 1375 527 1440 quae
549 1353 689 1440 quinque
712 1377 750 1420 ac
770 1353 837 1420 iere
859 1361 1006 1441 quattuor
1027 1354 1231 1442 diphthongis
1254 1362 1412 1437 contenta,
1435 1359 1478 1440 αι’,
1500 1359 1538 1439 σι’,
1553 1359 1595 1440 io,
1618 1381 1670 1440 aa,
1686 1381 1734 1438 aa,

276 1453 339 1520 dici
360 1454 416 1520 vix
436 1463 543 1540 potest
564 1462 685 1526 sextam
707 1477 903 1544 procreasse.

862 1727 901 1792 B.
935 1726 1150 1795 Consonae.

361 1859 580 1928 Consonarum
616 1861 797 1927 colticarum
826 1864 948 1931 classes
981 1873 1016 1927 ut
1046 1863 1081 1928 in
1109 1862 1223 1929 ceteris
1243 1861 1370 1949 'linguis
1398 1863 1622 1950 indeuropaeis
1665 1874 1737 1930 snut

277 1962 573 2030 semivocalium
607 1965 787 2050 liquidae
822 1975 854 2030 et
887 1965 1111 2052 spirantes,
1145 1975 1331 2030 mutarum
1367 1966 1540 2047 mediae,
1579 1975 1736 2046 tenues,

276 2063 495 2148 aspiratae.
538 2066 698 2133 Mutarum
720 2067 802 2132 terni
825 2088 981 2153 quamque
1004 2066 1138 2132 classem
1161 2067 1231 2132 soni
1255 2067 1459 2149 constituunt,
1482 2069 1536 2154 qui
1559 2067 1623 2132 oris
1646 2091 1737 2154 orga-

274 2167 326 2232 nis
349 2166 579 2251 discernuntur,
602 2169 790 2251 labiales,
814 2168 1012 2250 dentales,
1036 2169 1273 2254 gutturales,
1297 2169 1535 2235 semivocalium
1555 2169 1636 2236 duas
1654 2170 1737 2236 elas·

276 2289 329 2336 sos
350 2271 496 2357 quaterni
519 2269 599 2354 soni,
622 2295 687 2338 non
710 2272 820 2337 eodem
842 2281 928 2337 certo
950 2271 1043 2336 modo
1065 2270 1215 2337 disdncti.
1259 2271 1299 2337 Iu
1321 2271 1565 2338 semivocalibus
1588 2273 1676 2358 quod
1699 2273 1740 2338 sit

274 2373 436 2459 proprium
468 2398 507 2441 ao
533 2375 678 2461 divergat
710 2398 730 2439 a
755 2373 873 2459 linguis
904 2373 1052 2441 affinibus
1078 2396 1143 2440 uon
1172 2372 1446 2455 animadvertitur,
1480 2374 1537 2440 sed
1569 2373 1603 2438 in
1630 2375 1739 2440 mutis.

275 2471 416 2554 Quanam
437 2475 615 2562 proprietas
639 2498 677 2541 ea
697 2483 762 2558 est,
789 2483 822 2540 ot
844 2485 995 2562 exparte
1017 2486 1138 2542 tantum
1161 2497 1231 2540 cum
1252 2474 1347 2540 mutis
1369 2483 1542 2542 ceterarum
1564 2486 1599 2540 ut
1619 2476 1740 2543 latinae

275 2583 308 2638 et
325 2577 524 2662 germanicae
546 2579 747 2659 concordent,
771 2587 914 2666 exparte
937 2601 1013 2665 ergo
1029 2577 1220 2645 discordent.
1256 2575 1322 2642 Res
1345 2584 1449 2642 autem
1470 2577 1516 2643 ita
1538 2579 1696 2646 sehabet.

358 2675 516 2766 Linguam
542 2701 687 2767 graecam
713 2679 929 2766 potissimum,
964 2681 1125 2768 aliquanto
1160 2679 1264 2746 minus
1297 2677 1426 2743 latinam
1453 2679 1554 2747 tribus
1581 2689 1741 2748 mutarum

141 2833 158 2855 χ
275 2777 447 2863 classibus,
475 2781 602 2865 mediis,
632 2782 796 2864 tenuibus,
825 2781 988 2870 aspiratis,
1017 2781 1178 2848 abundare
1206 2789 1237 2846 et
1266 2778 1327 2845 hac
1354 2781 1447 2867 copia
1473 2782 1540 2849 fere
1561 2805 1742 2870 congruere

275 2903 346 2946 eum
372 2881 480 2948 indica
506 2893 640 2950 constat
689 2883 743 2950 Ex
768 2883 886 2971 linguis
914 2882 1208 2971 septentrionalium
1233 2882 1397 2948 nationum
1424 2883 1605 2967 germanica
1638 2886 1741 2951 utitur
1836 2961 1837 2970 ,

274 2984 402 3069 quidem
422 2986 532 3052 eadem
554 2986 661 3072 copia,
688 3009 753 3050 non
775 2995 880 3052 tamen
901 2985 948 3051 ita
970 2983 1131 3072 congruit,
1161 2993 1197 3048 ut
1220 3005 1302 3069 quas
1328 2982 1362 3046 in
1384 2985 1516 3051 vocibus
1544 2985 1654 3052 harum
1678 2987 1743 3052 lin·

275 3108 406 3170 guarum
427 3085 645 3152 communibus
668 3086 825 3173 aspiratae
848 3096 922 3154 suut
948 3089 983 3152 in
1005 3109 1120 3173 graeca
1141 3096 1174 3152 et
1194 3085 1309 3166 latina,
1339 3085 1468 3150 eaedem
1490 3087 1555 3152 sint
1576 3087 1741 3176 aspiratae
1836 3129 1837 3174 3

273 3187 308 3252 in
329 3189 519 3272 germanica.
563 3187 603 3253 In
623 3187 684 3254 hac
707 3189 806 3272 enim,
838 3212 921 3274 quae
943 3189 977 3254 in
998 3189 1062 3254 illis
1086 3197 1161 3254 sunt
1182 3187 1355 3274 aspiratae,
1383 3186 1486 3252 factae
1515 3199 1590 3254 sunt
1610 3191 1742 3256 mediae

275 3288 446 3354 secundam
474 3289 615 3376 regulam
640 3290 899 3377 transpositionis
927 3299 1081 3356 mnarum
1108 3289 1358 3375 germanicarum
1385 3289 1533 3372 eandem,
1563 3313 1627 3377 qua
1655 3315 1743 3378 quae

273 3399 384 3456 extum
403 3390 525 3456 mediae
547 3391 581 3456 iu
601 3391 859 3459 meridionalibus
881 3391 1007 3478 linguis,
1030 3400 1153 3474 tenues,
1177 3413 1258 3477 quae
1278 3399 1401 3471 tenues,
1427 3390 1530 3456 iactae
1554 3398 1629 3456 sunt
1651 3392 1745 3480 aspi·
1836 3411 1837 3428 ³

273 3505 370 3560 ratae.
408 3491 535 3562 Sistunt
554 3493 613 3560 has
634 3493 785 3560 classium
805 3494 1077 3580 transgressiones
1100 3492 1159 3558 hae
1182 3492 1263 3557 duae
1285 3513 1381 3558 voees
1397 3493 1521 3577 geticae
1537 3492 1612 3556 boka
1627 3492 1745 3580 (=sa-

271 3620 338 3684 pas,
354 3590 476 3682 φηγός)
492 3606 525 3662 et
539 3597 663 3661 raudus
675 3595 721 3680 (=
734 3599 828 3678 dent,
846 3589 982 3681 tridua),
1005 3597 1039 3661 in
1055 3597 1170 3683 quibus
1194 3593 1339 3659 emediis
1354 3594 1498 3680 pristinis
1512 3618 1543 3680 9,
1566 3597 1588 3660 d
1607 3597 1747 3683 prodie-

270 3710 346 3766 runt
364 3709 478 3766 tenues
497 3699 526 3780 le,
550 3709 570 3780 t,
594 3721 611 3763 e
632 3699 721 3764 tenni
744 3711 756 3763 t
777 3698 917 3784 aspirata
939 3699 979 3781 tl,
1003 3722 1043 3765 ex
1065 3699 1204 3785 aspirata
1226 3715 1251 3778 φ
1274 3697 1379 3760 media
1400 3696 1427 3760 b.

353 3800 499 3887 Linguae
521 3800 559 3865 ab
575 3809 707 3886 utraque
728 3811 818 3888 parte
840 3801 1039 3887 germanicae
1055 3800 1206 3880 confines,
1230 3797 1343 3863 celtica
1358 3801 1397 3864 ab
1414 3799 1588 3880 occidente,
1613 3799 1747 3868 slavica

272 3925 343 3969 eum
364 3902 516 3968 lituanica
537 3903 576 3968 ab
600 3903 736 3986 oriente,
765 3904 927 3991 proprium
953 3903 1078 3968 modum
1103 3912 1231 3968 secutae
1260 3909 1292 3966 et
1312 3899 1547 3983 intermedium,
1576 3901 1610 3967 id
1639 3927 1749 3970 unum

272 4005 466 4074 concordant
486 4027 557 4071 eum
573 4006 763 4091 germanica,
779 4007 864 4092 quod
879 4015 1143 4093 transposuerunt
1158 4003 1314 4091 aspiratae
1334 4003 1369 4068 in
1383 4003 1513 4086 medias,
1536 4003 1748 4090 reliquerunt

269 4119 376 4176 tamen
397 4109 535 4174 intactas
556 4105 677 4172 medias
700 4115 876 4191 attenues,
900 4119 935 4173 ut
956 4109 1085 4174 suntin
1108 4129 1223 4194 graeca
1243 4115 1276 4171 et
1297 4106 1404 4170 latina.
1448 4105 1540 4172 Ecce·
1558 4109 1725 4196 exempla.

353 4209 482 4278 Mediae
505 4220 537 4276 et
558 4219 671 4278 tenues
687 4218 840 4292 servatae,
864 4218 899 4275 ut
920 4210 954 4274 in
968 4209 1228 4276 meridionalibus
1250 4207 1382 4294 linguis:
1406 4207 1470 4274 bib.
1493 4210 1556 4290 dia,
1580 4210 1655 4276 brit.
1676 4223 1746 4278 vet.

270 4315 346 4380 daia
363 4343 394 4368 =
414 4312 488 4400 gall.
509 4314 625 4395 daca,
653 4313 752 4396 diva,
775 4313 863 4378 ἅτύο-
889 4311 962 4396 (lat.
985 4313 1066 4394 deas,
1089 4312 1190 4392 diruo,
1212 4311 1259 4376 lit
1282 4302 1392 4393 crt'aas,
1420 4309 1486 4374 ind.
1509 4309 1631 4396 ddoda).
1663 4314 1747 4380 brit.

269 4425 332 4483 vet.
349 4415 402 4480 dee
424 4413 503 4499 (hib.
525 4423 590 4480 vet.
613 4415 707 4497 dael,
730 4415 845 4480 cambr.
861 4411 934 4480 hod.
950 4415 1015 4500 deq,
1038 4437 1055 4478 o
1074 4421 1129 4479 aut
1141 4411 1259 4479 infecta
1273 4420 1328 4478 aut
1342 4412 1507 4493 destituta;
1530 4410 1610 4478 slav.
1626 4413 1746 4499 deaqtt,

268 4547 300 4574 =
318 4514 416 4600 δέκα,
439 4517 548 4596 decem,
571 4514 636 4579 ind.
660 4515 774 4598 ddpaa3
797 4525 830 4580 at
851 4525 914 4604 got.
937 4515 1070 4601 taihun).
1097 4513 1161 4581 hib.
1184 4523 1239 4580 vet
1270 4515 1328 4595 dds,
1351 4513 1422 4579 brit.
1437 4514 1515 4578 dant
1535 4511 1598 4598 (lit.
1614 4515 1746 4602 dantis,

269 4650 299 4675 =
311 4619 367 4686 lat.
384 4619 465 4701 dona,
482 4617 595 4697 deatt's3
619 4628 651 4681 at
672 4626 735 4704 got.
752 4617 899 4704 tantitas).
922 4617 1090 4704 radixque
1104 4617 1138 4681 in
1155 4617 1253 4682 variis
1266 4615 1375 4682 formis
1391 4623 1425 4679 ut
1438 4613 1504 4681 hib.
1518 4627 1581 4682 vet
1598 4623 1750 4704 roydnir,

266 4723 347 4808 poia,
368 4721 459 4807 iopen
478 4717 554 4788 Wb.
579 4717 650 4807 Sg„
673 4719 743 4787 brit.
763 4741 877 4808 panor,
904 4730 997 4807 genet
1018 4717 1084 4806 (gr.
1108 4713 1215 4800 γένος,
1241 4716 1295 4782 lat.
1315 4738 1426 4803 penam
1457 4725 1520 4803 got.
1541 4716 1633 4801 duur)
1667 4743 1753 4786 eum

267 4821 375 4888 radice
393 4843 462 4909 pen,
482 4822 544 4908 yut
563 4820 624 4908 (gr.
641 4816 819 4904 γιγνώσκω,
841 4821 895 4888 lat.
911 4818 1064 4907 (p)nos'co;
1087 4840 1182 4905 germ.
1197 4817 1337 4904 Ιιτητιτιι).
1367 4816 1508 4885 Tenues:
1533 4817 1750 4904 Hsrooupr'a

268 4923 361 5009 (Brit.
384 4913 508 5013 oppid.)
537 4945 586 5010 ap.
617 4921 700 4989 Ptol.
734 4945 751 4990 e
780 4945 910 4989 numero
937 4922 1009 4987 brit.
1032 4933 1146 5008 persar
1173 4949 1204 4975 =
1227 4919 1292 4986 hib.
1320 4931 1382 4986 vet.
1413 4921 1505 4984 cathir
1531 4917 1592 5002 (lit.
1615 4917 1751 5006 detur-2,

266 5026 338 5093 aeol
360 5024 515 5111 πὲσυρες,
538 5025 604 5092 dor.
627 5022 773 5107 τέτορες,
795 5023 849 5091 lat.
873 5033 1019 5110 quatum
1048 5031 1112 5110 got.
1125 5021 1231 5104 fidvor
1256 5045 1314 5109 pro
1328 5021 1468 5107 fitdoor).
1497 5019 1562 5086 hib.
1582 5019 1662 5088 brit.
1700 5029 1752 5090 tri

268 5127 314 5212 (=
331 5129 429 5212 τρεῖς,
445 5139 513 5212 tres,
527 5127 574 5193 lit.
590 5140 664 5212 aps,
680 5127 758 5194 slav.
774 5128 856 5210 troja
880 5139 944 5214 got.
960 5125 1076 5210 tiarati).
1103 5125 1169 5192 rad.
1185 5137 1255 5212 trag
1269 5123 1426 5209 (currere)
1441 5122 1476 5189 in
1489 5122 1561 5209 gall.
1578 5134 1641 5190 vet.
1668 5149 1749 5191 ver·-
