3656 5652
266 375 293 440 Ι.
317 375 346 439 2.
374 390 551 440 conserua
572 391 801 441 narramosn
822 391 1037 464 rpcnoavnas
1059 391 1265 440 rannrrvan.
1297 377 1365 439 (²⁰0.
1380 377 1440 439 2⁰1>
1473 375 1532 442 185

86 560 263 648 (periculum
283 561 439 643 vestrum)
464 583 524 646 pro
553 559 651 625 thara
670 561 776 646 potuim
809 583 871 648 qua
898 562 1131 628 combinatione
1153 585 1195 648 ap
1217 561 1395 648 simplicem
1422 584 1533 629 sonum

86 661 175 726 notari
197 669 285 727 reete
308 661 385 728 dicit
400 660 524 728 O'Don.
569 663 692 729 Eadem
714 662 874 728 scribendi
896 663 1125 729 consuetudine
1140 661 1260 727 nasalis
1283 665 1321 729 ab
1338 663 1534 728 extremitate

85 763 163 827 vocis
184 762 225 827 ad
245 761 436 849 principium
458 765 619 850 proximae
647 764 842 850 transposita
868 765 1032 830 vocalibus
1060 763 1258 850 praefigitur:
1290 787 1329 827 or
1349 764 1467 846 cardea,
1497 787 1535 828 or
1568 797 1570 804 ·

85 863 190 927 n-urda
210 861 319 950 (panis
340 865 473 948 noster).

159 967 187 1030 2.
219 964 377 1051 Eclipsi
401 965 651 1032 destituente
680 966 799 1033 nasalie
825 966 940 1032 finiens
967 967 1209 1052 praecedentem
1237 989 1348 1032 vocem
1378 965 1535 1032 excutitur

86 1075 148 1132 ante
167 1075 289 1146 tenms,
312 1068 402 1132 utin
423 1077 551 1134 vetusta
571 1071 694 1157 lingua3
721 1080 835 1134 tenues
858 1077 971 1148 autem,
995 1090 1074 1133 sono
1098 1068 1248 1133 destituto
1271 1068 1533 1154 pronuntiandae,

87 1170 158 1233 inter
179 1169 379 1234 scribendum
402 1179 569 1234 servantur
589 1194 689 1257 aeque
710 1172 790 1236 miro
805 1170 899 1235 modo
923 1170 1000 1255 (quo
1016 1169 1178 1236 destitutio
1193 1169 1337 1234 tenuium
1350 1170 1533 1255 indicatur),

85 1271 183 1334 addita
203 1270 372 1356 originaria
398 1270 498 1336 forma
518 1281 592 1359 post
613 1273 802 1338 destitutam.
834 1271 881 1338 Ut
897 1271 1008 1356 pdiadc
1029 1271 1164 1354 (infans)
1188 1293 1258 1336 cum
1279 1293 1368 1357 pron.
1392 1293 1534 1358 possess,

86 1393 147 1450 om,
168 1371 257 1436 onius
279 1395 300 1433 a
322 1372 512 1439 excutienda
534 1384 584 1438 est
606 1387 679 1440 ante
700 1383 845 1455 tenuem,
870 1371 898 1439 ei
920 1371 1110 1438 scriberetur
1131 1383 1167 1437 ut
1186 1373 1424 1460 pronuntiatur,
1449 1381 1536 1438 esset

87 1496 119 1536 cr
136 1471 237 1538 bda’sde
258 1471 425 1558 (parvulus
446 1475 586 1560 noster),
610 1477 667 1542 sed
689 1475 837 1542 scribitur
858 1473 952 1540 hodie
975 1494 1013 1538 ar
1035 1473 1173 1558 bpdisde,
1197 1495 1236 1538 cr
1257 1473 1405 1558 b-pdurde.
1454 1474 1535 1540 Item
1555 1467 1561 1476 ’

84 1600 133 1662 pro
154 1599 191 1639 ar
205 1576 257 1638 dir
277 1574 377 1659 (terra
391 1583 513 1657 nostra3
537 1575 601 1642 hib.
623 1585 683 1642 vet
707 1600 745 1640 ar
760 1576 816 1661 tir)
840 1577 988 1642 scribitur
1010 1597 1048 1640 ar
1070 1577 1142 1656 dtz'r,
1165 1597 1203 1639 ar
1225 1575 1316 1656 d·h'r;
1340 1599 1397 1665 pro
1420 1599 1462 1640 aa
1484 1599 1532 1640 coa

83 1677 216 1764 (pedum)
238 1699 281 1738 nc
299 1697 378 1761 pcoa,
400 1699 443 1740 na
462 1701 556 1764 pecs,
579 1702 637 1766 pro
664 1678 808 1763 torpuit
830 1676 919 1763 (post
938 1675 1141 1760 colationem)
1171 1679 1223 1740 ior
1241 1677 1339 1762 poerit,
1360 1681 1412 1742 iar·
1430 1679 1534 1765 pectit

83 1777 194 1844 Patitur
221 1776 458 1843 destitutionem
486 1780 653 1866 postillae
675 1779 806 1845 voculas
829 1778 975 1861 etiams,
1007 1801 1088 1864 quae
1111 1779 1260 1845 scribitur
1281 1801 1352 1844 cum
1374 1779 1391 1843 b
1413 1780 1465 1845 vel
1487 1779 1534 1860 bh,

87 1879 295 1968 pronuntiatur
309 1887 414 1944 antem
430 1904 448 1944 c
462 1882 514 1947 vel
528 1905 566 1946 ur:
583 1882 697 1967 arsuri
712 1881 857 1966 (sanguis
870 1880 1003 1965 noster),
1018 1881 1255 1968 pronuntiatum
1270 1905 1307 1944 ur
1323 1882 1416 1963 abacti,
1434 1881 1535 1967 scrip-

84 1993 142 2048 tum
169 2005 206 2047 or
230 1982 324 2066 aare,
355 2005 393 2047 nr
416 1982 539 2066 bh-fua'l.
583 1986 670 2050 Ante
696 2005 711 2047 a
737 1981 946 2070 principalem
973 1976 1255 2066 substantivorum,
1283 1985 1317 2048 in
1345 1983 1460 2069 quibus
1483 2005 1536 2048 ca-

85 2087 162 2152 sibus
176 2085 325 2166 inficitur,
347 2107 408 2171 pro
423 2085 490 2167 iud,
513 2087 556 2163 in,
579 2107 659 2170 quae
682 2095 732 2150 est
751 2084 851 2150 forma
872 2084 996 2148 articuli
1017 2085 1051 2148 in
1067 2086 1180 2150 ceteris
1195 2085 1425 2165 iuncticnibus,
1448 2093 1537 2150 antc-

86 2188 160 2253 cedit
178 2189 224 2252 int
244 2186 310 2250 iarn
332 2187 367 2251 in
388 2194 515 2252 vetusta
535 2183 646 2272 lingua
668 2194 700 2252 et
720 2183 815 2251 hodie
837 2207 963 2272 quoque
983 2197 1054 2268 unt3
1078 2195 1128 2252 est
1150 2207 1224 2272 ergo
1246 2186 1280 2250 in
1303 2184 1448 2273 exemplo
1470 2184 1535 2251 bib.

85 2300 131 2352 ant
148 2287 205 2352 rtet
225 2286 361 2372 (virga),
391 2309 491 2372 aeque
513 2295 608 2372 atque
629 2288 663 2351 in
685 2287 766 2372 gaal.
789 2297 844 2349 ant
863 2287 925 2350 tu'il
945 2285 1102 2372 (oculus),
1134 2311 1214 2376 quae
1238 2288 1357 2373 scripta
1378 2287 1472 2352 hodie
1495 2310 1536 2350 aa

84 2389 152 2469 alat,
173 2412 213 2452 on
228 2387 324 2468 aaut,
348 2409 390 2451 an
412 2387 501 2452 tertii
521 2389 727 2454 adnumerant
749 2386 904 2472 exemplis
920 2387 1088 2475 eclipseos,
1111 2389 1192 2453 nihil
1211 2389 1278 2454 nisi
1300 2387 1428 2456 iniectio
1451 2387 1536 2475 aspi-

84 2498 144 2555 rata
161 2490 211 2555 vel
230 2485 344 2552 mollis.

155 2589 244 2656 Haec
270 2589 436 2656 hibernica
465 2593 623 2657 recentior
650 2591 759 2677 lingua
786 2591 925 2657 excoluit
953 2593 1028 2657 sola.
1081 2589 1217 2659 Gaelica
1245 2613 1307 2656 nec
1331 2590 1454 2656 medias
1476 2611 1537 2655 nec
1591 2677 1592 2686 ἵ

85 2701 183 2758 tenues
211 2691 315 2777 tangit
335 2692 370 2756 in
391 2691 502 2757 eadem
521 2693 699 2778 positione,
731 2692 788 2758 sed
809 2691 899 2758 elidit
928 2717 949 2756 a
970 2693 1196 2781 particularum
1222 2694 1275 2759 vel
1299 2691 1535 2780 pronominum,

86 2803 203 2881 excepta
220 2794 323 2858 forma
345 2793 469 2860 articuli
491 2795 631 2880 genetivi
653 2795 733 2881 plur.
749 2817 825 2876 aaa,
849 2816 930 2880 quae
952 2819 973 2857 u
994 2806 1101 2860 servat
1121 2796 1174 2862 vel
1197 2803 1269 2860 ante
1285 2793 1418 2860 labialee
1439 2801 1540 2858 mutat

86 2897 173 2962 inm:
205 2919 243 2961 ar
265 2897 320 2960 dic
341 2894 436 2979 (deus
458 2895 583 2980 noster)
606 2919 645 2960 ar
666 2902 708 2960 ttr
730 2895 981 2980 (terrenostra),
1004 2898 1056 2960 ior·
1071 2895 1207 2962 baaludb
1228 2896 1319 2983 (post
1332 2894 1539 2979 caesionem),

86 3023 140 3062 anu
158 3021 203 3063 cos
222 2997 384 3084 (pedum),
407 3021 480 3063 nam
503 2997 583 3062 hurd
606 2996 816 3083 (bardorum).

703 3239 902 3250 «μ---κ-Ψ-ψ--ο

340 3420 387 3495 Π.
425 3420 657 3498 Oonsonae
683 3422 969 3497 britannicae
995 3423 1272 3498 inchoantes.

159 3609 198 3672 A.
234 3607 376 3676 Status
398 3607 624 3693 primitivus
647 3629 861 3673 consonarum
882 3607 1102 3673 inchoantium
1130 3608 1197 3692 (cui
1220 3608 1447 3693 subiungemus
1470 3629 1537 3673 me-

91 3709 194 3775 diarum
213 3709 517 3796 provectionem
539 3709 697 3775 cornicem
718 3709 770 3775 vel
793 3709 1013 3795 aremoricam)
1044 3710 1219 3776 britannice
1249 3720 1394 3776 servatus
1413 3711 1539 3796 regula·

92 3811 168 3894 riter,
188 3813 242 3877 ubi
265 3812 357 3878 vocis
379 3811 600 3900 praecedentis
624 3812 652 3878 si
673 3833 737 3878 non
758 3811 927 3894 hodierna,
948 3823 981 3876 at
1002 3813 1157 3878 vetustior
1177 3812 1279 3878 forma
1300 3811 1469 3877 terminata
1490 3821 1540 3877 est

91 3934 213 3979 consona
240 3936 306 3979 non
333 3913 510 3994 inficiente,
544 3915 579 3978 in
608 3913 659 3979 hia
685 3915 886 4001 potissimum
919 3914 1079 3980 invenitur
1105 3913 1331 3979 iunctionibne.
1381 3913 1540 4002 Exempla

91 4018 232 4084 cimbrica
254 4039 272 4082 e
294 4014 405 4081 codice
425 4015 521 4080 rubro
544 4016 622 4081 satis
644 4039 813 4082 numerosa
835 4025 924 4098 sunt,
952 4037 1013 4081 nec
1036 4016 1152 4082 desunt
1173 4016 1317 4098 cornica;
1352 4016 1537 4098 aremorica,

90 4117 133 4181 ubi
153 4117 300 4184 deficiunt
321 4117 506 4199 vetustiora,
531 4140 571 4184 ex
592 4118 745 4184 hodierna
767 4119 877 4204 lingua
897 4118 1105 4205 proferentur.

157 4219 183 4285 I.
213 4219 254 4285 In
282 4220 518 4285 constructione
549 4223 575 4284 l.
604 4221 742 4287 nominis
772 4230 847 4306 post
868 4221 1047 4304 articulum,
1081 4221 1150 4287 sive
1173 4219 1363 4287 substantivi
1392 4219 1461 4284 sive
1483 4219 1539 4284 ad-

90 4318 197 4404 iectivi,
231 4329 376 4387 servatur
403 4331 504 4386 statue
533 4323 738 4408 originarius:
780 4323 979 4388 cambrice
1013 4322 1047 4407 o)
1075 4324 1110 4388 in
1139 4321 1262 4387 numeri
1290 4321 1460 4405 singularis
1488 4343 1539 4386 ca·

92 4420 164 4488 sibus
185 4425 345 4504 omnibus,
376 4423 406 4486 si
427 4423 662 4488 substantivum
685 4434 734 4489 est
755 4425 881 4510 generis
903 4425 1086 4489 masculini:
1119 4423 1173 4488 bel>
1192 4446 1214 4508 y
1234 4423 1283 4486 kei
1304 4422 1401 4508 (dixit
1422 4419 1537 4507 Caius)

91 4518 162 4588 Mab.
185 4525 261 4604 1,»2.
295 4546 391 4610 porco
409 4547 431 4610 y
450 4549 518 4610 ρων
539 4525 630 4609 (fecit
650 4527 713 4610 vir)
734 4525 821 4592 Mab.
847 4529 873 4606 1¹,
895 4529 924 4591 5.
960 4548 1080 4611 panope·
1100 4535 1201 4588 aaran
1220 4545 1261 4608 pr
1283 4523 1397 4610 brevi-yn
1420 4524 1472 4608 (fit
1491 4524 1540 4588 in·

92 4621 158 4687 iuria
177 4626 257 4712 regi)
279 4623 359 4710 Leg.
385 4629 412 4706 1,
430 4627 458 4707 2,
475 4627 504 4690 2.
533 4649 572 4688 or
588 4627 759 4712 pedwyrpd
780 4627 843 4712 (lyd
865 4627 918 4712 (et
939 4635 1050 4712 quarto
1075 4626 1139 4708 die,
1163 4625 1228 4710 dyd
1248 4626 1369 4710 masc.)
1399 4625 1484 4692 Mab.
1510 4629 1538 4708 1,

94 4723 151 4788 288.
196 4727 227 4812 b)
249 4726 289 4791 In
309 4727 426 4814 plurali
446 4749 504 4812 per
526 4748 635 4792 omnes
657 4748 750 4793 casus
773 4729 936 4816 utriusque
960 4729 1101 4816 generis:
1139 4751 1177 4790 ar·
1196 4728 1342 4812 proruped
1364 4749 1402 4790 or
1421 4726 1537 4790 meibon

96 4846 125 4886 cr
142 4832 260 4894 machot
288 4831 342 4915 (et
362 4830 512 4895 mulieres
535 4837 567 4894 et
587 4831 677 4916 pueri
705 4841 737 4895 et
756 4831 906 4917 puellae)
934 4831 1020 4898 Mab.
1043 4831 1072 4914 3,
1097 4831 1168 4896 299.
1199 4829 1345 4914 ppwelei
1369 4829 1540 4914 ypweasoa

99 4923 221 5005 (videbat
234 4930 377 5019 pueros),
401 4954 439 4996 av
451 4953 473 5016 y
486 4933 630 5018 quotiaco
652 4932 708 5015 (ad
722 4933 864 5018 pueros),
888 4955 923 4996 or
934 4935 1080 5019 queissoa
1102 4932 1139 5018 (a
1160 4931 1283 5018 pueris)
1309 4933 1336 5012 1,
1355 4930 1403 4993 12.
1420 4928 1470 4994 35.
1487 4929 1537 4993 36.

99 5023 156 5091 245·
181 5033 424 5120 ykyueirdebea
446 5033 551 5096 owelci
576 5035 612 5119 ef
634 5057 672 5098 or
697 5059 718 5120 y
738 5057 826 5122 propr
855 5034 1063 5119 (ornamenta
1084 5056 1165 5119 quac
1187 5034 1317 5100 videbat
1339 5032 1373 5097 in
1387 5031 1481 5116 viris)
1505 5033 1532 5114 1,

102 5123 158 5192 237.
183 5135 377 5219 ycoraaaet't
404 5136 602 5224 (pygmaei),
625 5159 660 5202 or
681 5139 839 5204 amoenat
860 5136 895 5221 (a
915 5136 1039 5226 pygm.)
1052 5137 1092 5221 3,
1115 5135 1186 5204 303.
1210 5136 1281 5201 302.
1316 5135 1384 5200 llud
1412 5133 1540 5220 corcbp·
