3684 5648
503 403 530 470 Ι.
554 407 582 469 1.
625 419 776 471 vocatus
798 423 1003 472 manamaur
1025 421 1161 472 anama.
1449 410 1505 476 (14)
1524 409 1562 474 11

100 589 245 675 fairppoe,
259 590 407 677 foirppae
424 587 478 676 (gl.
495 589 617 672 Thetis,
639 589 661 654 i.
678 613 704 657 e.
728 612 881 671 oceanus3
905 591 943 656 ci.
971 581 1187 674 Oispyromog
1203 582 1346 665 ὠκεανός
1370 616 1420 678 ap.
1435 592 1518 657 Ptol.
1534 594 1563 673 2,

111 693 134 752 1.
150 692 182 770 23
205 692 235 772 8,
253 693 281 756 3.
305 692 353 776 ed.
368 689 535 775 Wilberg,
559 715 692 776 magnus
707 713 846 758 oceanus
869 691 1033 757 ameridie
1053 692 1177 757 insulae
1196 691 1385 775 Hiberniae)
1410 691 1464 778 Sg.¹
1483 693 1564 757 112¹.

111 792 184 874 124¹,
207 815 225 856 e
246 791 355 856 radice
367 791 473 878 ferpp,
487 793 574 880 fcrp,
598 794 649 858 cui
672 792 863 878 significatio
886 794 1044 874 motionis,
1068 795 1250 878 agitationis
1274 794 1485 879 supponenda
1507 805 1564 874 est,

108 892 206 978 equa
227 893 321 957 etiam
340 893 469 957 nonnus
482 891 564 975 sere,
579 894 669 978 feroc
691 895 767 976 (ira3
789 895 929 979 =ser579‚
943 895 1029 980 serp,
1054 895 1091 958 ci.
1116 895 1174 959 sub
1198 893 1241 974 G)
1264 893 1337 960 Wb.
1360 896 1419 975 22⁵,
1433 895 1566 974 jisrcaclt

108 994 227 1076 (matrs)
249 992 379 1058 Mlti:
395 994 457 1058 2⁸2³.
501 991 593 1074 Quae
615 995 745 1060 mutatio
767 995 801 1058 in
822 1017 839 1059 o
860 996 916 1060 vix
940 994 1150 1060 adscribenda
1171 1004 1221 1059 est
1234 1019 1255 1059 a
1278 995 1424 1081 sequenti
1445 995 1479 1058 in
1501 995 1567 1058 dod·

108 1095 173 1176 aad,
188 1095 298 1179 sollus,
322 1117 394 1160 cum
417 1095 510 1159 etiam
533 1104 606 1160 ante
628 1095 707 1160 alias
728 1097 858 1162 vocales
880 1096 1061 1161 inveniatur
1082 1098 1116 1160 in
1137 1095 1308 1177 rodadolbi,
1323 1097 1440 1183 foirpe.
1470 1095 1566 1160 Inve-

106 1197 222 1260 niretur
242 1197 306 1260 iam
326 1197 361 1260 in
381 1205 507 1261 vetusto
529 1196 658 1261 nornine
678 1197 862 1278 Rhodanus,
887 1198 915 1261 si
936 1197 1129 1283 iungendum
1151 1206 1238 1261 essct
1258 1199 1392 1264 vocibus
1414 1199 1489 1262 item
1510 1219 1566 1262 ve·
1626 1213 1628 1216 ’
1736 1205 1738 1210 ’

107 1298 194 1363 tustis
215 1297 340 1382 gallicis
362 1295 534 1362 Rhedones
549 1295 655 1377 Caes,
678 1295 832 1381 Eporedii
855 1297 888 1379 (ι’.
907 1320 933 1362 a.
957 1299 1031 1364 boni
1055 1321 1205 1385 equorum
1228 1297 1407 1382 domitores,
1430 1299 1512 1364 Plin.
1537 1301 1565 1381 3,

109 1402 166 1484 17),
187 1400 267 1464 reda
288 1401 434 1481 (caurus).

185 1497 376 1566 Mutationis
410 1508 573 1586 correptae
602 1521 617 1563 e
643 1500 677 1564 in
704 1501 890 1586 productam
920 1525 940 1564 α
968 1503 1145 1588 exemplum
1174 1511 1224 1568 est
1252 1501 1351 1566 subst.
1381 1499 1472 1565 trata
1499 1501 1566 1583 (iu-

108 1602 231 1683 dicium)
262 1601 297 1666 in
316 1601 392 1668 Wb.
416 1601 544 1688 saepius
572 1611 683 1666 extans
711 1602 800 1665 iuxta
825 1600 957 1666 formam
980 1601 1079 1684 aas,
1110 1603 1194 1689 quod
1221 1603 1256 1666 in
1274 1601 1428 1667 hodierno
1450 1602 1566 1666 cambr.

108 1701 207 1767 irawd
230 1703 275 1786 (=
292 1704 374 1783 brit)
403 1713 576 1783 servatum,
606 1704 668 1767 iam
695 1702 729 1766 in
759 1711 885 1767 vetusto
905 1702 1032 1767 nomine
1062 1704 1175 1788 gallico
1190 1703 1456 1788 Bratuspantium
1483 1701 1568 1788 apud

108 1802 195 1870 Caes.
225 1813 333 1870 extare
361 1802 495 1868 videtur.
549 1803 620 1868 Nec
647 1802 758 1889 negari
786 1803 903 1889 poterit
929 1804 1059 1868 mutatio
1088 1815 1251 1890 correptae
1280 1827 1295 1866 e
1321 1803 1354 1867 iu
1382 1804 1568 1889 productam

108 1927 135 1986 a,
164 1928 235 1970 cum
262 1906 296 1969 in
318 1904 453 1970 vetustis
481 1904 601 1969 nostris
624 1904 788 1970 codicibus
816 1927 880 1969 non
910 1905 1011 1969 solum
1040 1905 1181 1989 legamus
1209 1903 1341 1969 formam
1367 1927 1451 1969 num.
1482 1905 1568 1968 deici

110 2001 226 2088 (δέκα),
252 2007 309 2071 sed
332 2004 426 2069 etiam
448 2005 639 2090 scriptiones
662 2007 729 2086 dic,
753 2005 837 2086 disc,
861 2007 935 2069 deoc
963 2007 1005 2088 (=
1019 2006 1092 2086 (110,
1122 2006 1162 2070 de
1183 2027 1243 2071 usu
1263 2004 1427 2090 utriusque
1448 2004 1567 2070 formae

109 2105 183 2170 inira
199 2108 243 2171 in
272 2107 377 2192 capite
403 2105 442 2170 da
463 2105 725 2189 numeralibuslf
767 2105 956 2172 Mutationis
981 2105 1118 2192 denique
1145 2106 1216 2171 ino
1241 2107 1427 2191 productam
1457 2126 1562 2168 exem·

109 2207 187 2292 plum
202 2217 253 2274 est
267 2209 368 2274 subet.
390 2207 463 2270 ardu
485 2209 609 2290 (nasus)
632 2205 687 2292 Sg.
709 2210 769 2273 95⁵.
794 2211 853 2290 91⁴,
878 2209 905 2273 si
922 2207 1166 2274 combinandum
1181 2216 1231 2272 est
1250 2229 1321 2272 cum
1341 2206 1429 2271 verb.
1452 2205 1568 2280 arenas

110 2309 158 2394 (gl.
180 2310 292 2391 sterto)
317 2306 372 2394 Sg.
397 2309 481 2374 185⁸.
1245 2336 1251 2355 .

185 2409 221 2476 Si
251 2433 266 2474 a
291 2407 466 2496 praedictis
494 2411 710 2478 combinamus
732 2410 880 2476 formulas
911 2409 980 2474 dalb
1000 2408 1086 2491 dolb,
1116 2407 1180 2473 trel>
1203 2407 1272 2472 trab
1294 2407 1360 2494 trab
1382 2407 1461 2490 trab,
1485 2406 1570 2471 breta

111 2508 209 2593 aaa,
231 2511 292 2575 rod
311 2511 382 2591 red,
406 2535 475 2576 aaa
496 2513 582 2592 ada,
606 2510 758 2576 habemus
780 2511 860 2577 haec
883 2505 1061 2596 fragmenta
1082 2519 1114 2576 et
1134 2510 1274 2596 vestigia
1295 2509 1364 2575 eius
1385 2509 1568 2574 mutationis

110 2611 258 2676 vocalium
280 2611 482 2695 radicalium,
511 2635 592 2699 quae
623 2613 661 2676 in
680 2612 869 2698 germanicis
892 2611 1037 2678 dialectis
1067 2623 1117 2678 est
1139 2611 1313 2678 communis
1342 2619 1375 2676 et
1400 2608 1567 2696 regularis,

113 2719 143 2776 ut
161 2713 195 2778 in
214 2713 377 2780 radicibus
400 2714 515 2799 geticis
535 2712 616 2801 prob
635 2713 720 2800 prid,
741 2711 794 2799 gib
813 2712 875 2800 gab
894 2712 960 2800 pat.

186 2871 204 2976 l
227 2928 375 3004 correpta
404 2917 439 2983 in
465 2918 601 2984 uetustis
631 2916 812 2984 nominibus
844 2917 976 3003 gallicis.
1000 2919 1121 2985 Lucan.
1146 2923 1173 3002 1,
1196 2920 1273 2986 399:
1300 2919 1335 2984 hi
1360 2919 1445 2984 rada
1470 2918 1571 3004 lique·

110 3028 176 3082 mut
193 3017 321 3101 Isarae3
352 3023 379 3102 1,
402 3020 480 3086 423:
502 3029 535 3086 et
554 3020 682 3086 Biturix
701 3019 871 3107 longisque
892 3020 981 3086 leves
1002 3031 1079 3102 etc:
1104 3024 1130 3102 1,
1143 3022 1219 3086 451:
1243 3042 1404 3086 sacrorum
1417 3019 1570 3084 Druidae.

112 3117 161 3185 Sil.
190 3120 292 3186 Italic.
315 3123 345 3204 4,
368 3123 444 3187 206:
478 3122 582 3188 iaculo
610 3131 794 3187 accurrente
824 3120 990 3206 Ligaunus
1016 3123 1115 3188 irruit.
1150 3123 1274 3187 Auson.
1308 3121 1401 3207 epist.
1426 3121 1481 3185 24:
1512 3120 1571 3186 Al·

111 3223 197 3305 pinas
215 3233 301 3289 tecta
319 3222 481 3304 Viennae3
511 3225 579 3290 sub.
601 3225 635 3289 8:
665 3223 817 3310 opulenta
836 3221 978 3304 Vienna3
1006 3223 1132 3290 Mosell.
1153 3225 1229 3288 461:
1251 3245 1317 3288 non
1335 3222 1394 3288 tibi
1415 3243 1450 3287 se
1473 3219 1572 3305 Liger

112 3323 263 3390 anteierat.
309 3322 420 3391 Sidon.
443 3347 537 3390 carm
559 3327 588 3406 5,
613 3325 690 3390 209:
712 3324 916 3410 Ligerimque
938 3325 1070 3410 bipenni
1098 3325 1240 3390 excisum
1266 3347 1324 3410 per
1347 3323 1449 3388 frusta
1469 3320 1570 3403 bibet;

113 3429 248 3507 carmi,
273 3425 351 3492 324:
386 3449 479 3514 quem
506 3427 560 3493 vel
581 3426 678 3492 Nicer
705 3424 806 3489 abluit
826 3427 920 3490 unda.
970 3425 1083 3492 Horat.
1113 3435 1172 3491 sat.
1202 3428 1229 3507 1,
1253 3427 1282 3508 6,
1314 3425 1387 3491 104:
1415 3423 1573 3512 'ducenda

111 3529 269 3610 petorrita3
300 3551 351 3616 ep.
374 3529 408 3610 2,
434 3531 467 3610 1,
494 3529 568 3593 192:
596 3527 730 3614 pilenta,
758 3528 926 3612 petorrita,
954 3549 1065 3592 naves.
1114 3525 1269 3612 Virgilius
1301 3526 1367 3610 (vel
1395 3523 1571 3610 Vergilius)

113 3623 216 3694 Tibull.
240 3631 269 3712 4,
296 3633 345 3696 15.
390 3627 529 3696 Martial.
555 3630 603 3709 14,
631 3630 700 3694 195.
755 3624 866 3693 Sidon.
890 3649 984 3694 carm.
1010 3625 1093 3694 133*

114 3781 301 3794 ..ξς-..ωι-

171 3865 236 3920 ⁸lie
258 3871 345 3922 amen
367 3863 456 3918 credas
480 3879 566 3918 rocam
585 3865 703 3934 gallicam
726 3858 794 3918 re'da
817 3867 932 3931 (currus3
951 3867 982 3918 ei.
1001 3859 1016 3917 ἒ
1033 3865 1196 3935 productam)
1212 3867 1250 3920 ita
1265 3866 1421 3935 iungendam
1438 3879 1493 3918 esse
1512 3880 1572 3918 cum

112 3931 224 3988 libret
253 3935 329 3989 ratu
352 3935 496 3999 (canunt),
518 3935 593 3986 cuius
616 3949 754 3987 consonam
778 3934 942 4002 originariam
967 3943 990 3998 t,
1013 3933 1104 3988 nond
1143 3935 1212 3988 rodit
1235 3935 1349 3988 hodiern.
1372 3933 1468 3988 cambr.
1492 3932 1573 3986 rheda

113 4002 236 4068 (tumre),
261 4021 314 4058 non
330 4001 445 4065 riedda,
471 4017 582 4070 quocum
605 4003 763 4056 concordant
786 4007 838 4056 tarn
861 4018 937 4056 arem.
961 4009 1001 4056 ret
1022 3951 1142 4067 (rursusi
1159 4003 1246 4056 Buhez
1267 4007 1324 4066 138,
1344 4007 1372 4067 8,
1401 4019 1479 4072 quam
1502 4018 1572 4056 corn.

112 4075 326 4137 restaurarit)
344 4071 416 4124 Pasa.
436 4075 531 4134 alas.
563 4071 723 4139 Quamquam
747 4069 892 4124 nomadum
917 4075 957 4124 est
984 4072 1154 4124 britannicam
1177 4073 1293 4140 linguam
1317 4072 1446 4124 interdum
1472 4069 1572 4123 differre
1632 4103 1633 4106 =

113 4137 140 4188 ab
155 4139 283 4194 hibernica
306 4139 391 4212 gradu
407 4152 577 4192 consonarum
602 4139 644 4202 (de
666 4156 718 4208 qua
734 4155 762 4191 re
779 4140 864 4204 inira).
906 4139 976 4192 Inter
998 4140 1102 4192 nomina
1125 4139 1217 4208 gallica
1239 4141 1385 4193 vindobon
1403 4139 1498 4192 codicis
1522 4155 1573 4191 rec.

115 4208 140 4282 Bi
161 4208 308 4270 (Endlichar
325 4209 434 4274 catalog.
460 4207 533 4260 codd.
556 4207 644 4276 philol.
671 4225 695 4276 p.
717 4211 781 4274 199)
809 4207 839 4260 de
862 4209 966 4260 nomine
991 4207 1062 4260 fluvii
1087 4209 1205 4261 Rhodani
1226 4209 1348 4274 leguntur
1371 4209 1464 4260 haecce
1490 4209 1572 4260 “roth

113 4274 253 4341 uolentum,
279 4278 331 4331 dan
355 4279 382 4330 at
405 4277 433 4329 in
454 4276 545 4344 gallico
568 4279 594 4328 et
616 4276 643 4328 in
665 4275 759 4328 hebreo
780 4275 898 4328 iudicem.
922 4275 979 4328 ideo
1004 4277 1134 4329 rhodanus
1157 4275 1235 4328 iudex
1262 4277 1413 4332 violentus.¹‘
1456 4275 1573 4328 Nominis

113 4340 218 4398 Rhodani
242 4345 344 4414 syllaba
362 4361 408 4397 -an
431 4343 521 4412 procul
548 4343 635 4396 dubio'
648 4344 767 4397 derivans
791 4348 842 4407 est,
866 4343 898 4396 de
923 4345 1007 4398 iudice
1030 4348 1098 4397 cerie
1120 4345 1185 4397 nihil
1202 4344 1244 4397 hic
1262 4345 1453 4414 quaerendum
1475 4343 1572 4414 signifi-

113 4412 170 4462 rado
185 4417 271 4466 tamen
288 4414 413 4468 violatus
433 4415 563 4476 (currens,
582 4413 699 4480 rapidus)
721 4413 826 4466 nanim
846 4413 979 4480 ugnanda,
1007 4429 1066 4465 cum
1086 4413 1164 4466 etiam
1182 4413 1234 4466 alia
1257 4427 1310 4466 non
1327 4413 1393 4467 male
1409 4412 1573 4482 proferantur

112 4477 191 4533 iuliis
214 4483 322 4536 retnis
346 4482 450 4536 notatis.
486 4479 523 4534 Ut
540 4480 673 4544 victericus,
692 4479 803 4549 rapidas
822 4429 963 4534 dardanus
988 4482 1031 4545 (de
1048 4481 1103 4533 eius
1122 4483 1262 4550 rapacitate
1285 4482 1333 4534 loci
1360 4481 1455 4550 poitiei
1479 4481 1528 4533 sub
1552 4483 1573 4536 Ο

113 4553 241 4618 coneptu),
266 4552 302 4604 sic
320 4549 442 4620 placidus
460 4549 512 4602 dici
529 4549 616 4616 potuit
633 4551 699 4602 Arar
723 4548 816 4612 (¹‘fluit
837 4549 979 4602 incredibili
997 4551 1116 4612 lenitate,
1141 4552 1179 4602 ita
1200 4554 1231 4602 ut
1248 4550 1329 4603 oculis
1352 4551 1382 4602 in
1404 4553 1491 4602 utram
1532 4565 1572 4603 ar·

114 4615 157 4668 lem
179 4615 242 4672 lluat
260 4619 368 4672 iudicari
385 4633 438 4671 non
455 4618 551 4686 possit‘
577 4615 648 4670 Caes.
667 4617 697 4671 B.
716 4617 746 4670 G.
767 4623 789 4682 1,
809 4619 863 4682 12);
888 4631 920 4668 ex
944 4618 1031 4670 cadem
1054 4619 1151 4683 radice,
1178 4634 1209 4670 ex
1232 4635 1284 4688 qua
1306 4619 1359 4671 alia
1382 4618 1481 4685 syllaba
1523 4618 1572 4670 eri-

114 4689 189 4738 tatum
207 4691 247 4740 cst
263 4693 290 4740 et
306 4703 404 4768 nomen
421 4685 495 4738 fluvii
513 4684 603 4738 Arabo
635 4689 662 4738 et
679 4701 773 4740 naman
799 4687 847 4739 viri
873 4687 995 4754 gallicum
1012 4685 1117 4739 Arabus
1142 4687 1170 4739 in
1188 4687 1304 4755 inscript.
1328 4686 1454 4750 (hodiem
1475 4687 1572 4740 cambr.

114 4752 498 4904 arphmqtpqqepllaqiququbioe
521 4822 558 4874 ori
578 4823 583 4835 '
605 4817 627 4874 is
648 4822 762 4892 gallicae.
804 4821 853 4904 ct·
866 4823 995 4891 Vergiliae
1017 4825 1126 4888 (stellae)
1149 4823 1263 4892 Propert.
1290 4829 1312 4888 1,
1331 4827 1355 4888 t,
1376 4828 1415 4876 10.
1452 4822 1519 4876 Plin.
1537 4823 1572 4892 iq.

115 4889 251 4968 Oprpyrie'a
274 4893 379 4962 (oppid.
402 4893 527 4960 Hispan.)
574 4891 657 4943 tolem.
682 4896 747 4955 1,.1.
788 4891 872 4945 Radix
895 4896 989 4946 satist.
1013 4893 1108 4945 cambr.
1132 4907 1211 4962 paerp
1236 4889 1348 4956 (efficax)
1372 4891 1405 4961 gl.
1431 4892 1477 4945 Ox.
1500 4895 1574 4944 extat

115 4959 181 5034 ciram
202 4961 230 5014 in
253 4965 357 5016 vetusto
378 4962 483 5014 nomine
509 4959 683 5027 Vergotrstus
706 4959 776 5030 apud
800 4959 872 5013 Gaas.
924 4961 1009 5014 Etiam
1034 4962 1122 5030 lingua
1144 4961 1279 5014 hibernica
1302 4960 1464 5028 originariam
1487 4975 1500 5011 e
1523 4960 1572 5011 sibi

115 5027 214 5082 audica
236 5031 263 5083 in
286 5029 394 5084 vocibus
417 5027 574 5097 supradictis
599 5028 775 5093 Οὐεῳγιουως
800 5025 920 5086 ὠκεανός
944 5029 1023 5093 Ptol,
1038 5029 1115 5098 serp,
1132 5029 1229 5098 scirpe.
1272 5029 1367 5092 Quodsi
1391 5028 1505 5082 eiusdem
1526 5044 1567 5080 ra·

20 5133 21 5142 .
115 5091 168 5146 dicis
190 5101 229 5150 eat
249 5103 299 5155 vet.
317 5099 414 5152 cambr.
468 5095 589 5165 irpiriam
606 5097 650 5166 (gl.
669 5097 771 5162 hinnio)
795 5097 823 5150 in
841 5098 922 5150 isdan
948 5099 1040 5166 glossis
1065 5097 1160 5164 Onon,
1184 5098 1263 5154 babes
1286 5097 1328 5150 hic
1348 5097 1566 5151 accommodatam

116 5163 221 5220 audica
239 5168 270 5222 ad
287 5168 299 5222 i
316 5181 414 5238 sequen
466 5163 640 5230 derivationis,
658 5167 734 5220 utin
752 5165 891 5234 scriptione
916 5163 1046 5236 Virgilius.
