3678 5650
306 359 368 423 426
400 363 468 422 (⁴²8·
481 363 542 422 429)
727 359 787 424 ΙΙΙ.
812 361 841 424 t.
878 377 1002 424 rnsxro
1024 376 1124 424 vnum
1146 378 1330 426 masenius.

305 547 395 630 (add,
417 547 521 630 reciet),
543 547 789 631 interrogativae
803 549 847 610 iu.
890 545 1031 625 Quarum
1046 545 1213 611 formarum
1230 546 1401 612 discrimen
1423 571 1494 614 cum
1508 557 1607 614 totum
1627 549 1742 634 positum

305 649 348 712 sit
370 650 403 712 in
425 671 554 714 numero
578 670 616 712 ac
638 649 821 730 sonoritate,
846 647 980 712 efficitur
1002 657 1036 709 ut
1057 648 1234 730 composita
1256 650 1354 715 verba
1375 650 1481 714 omnia
1501 674 1567 714 non
1589 652 1672 716 modo
1691 675 1742 715 am·

234 743 238 754 ’
304 751 458 836 plioribns
481 750 544 815 illis
565 749 839 816 terminationibus
861 749 969 834 utique
991 757 1134 830 careant,
1158 748 1216 813 sed
1238 750 1332 814 etiarn
1354 749 1463 828 formis
1486 752 1635 818 relativis.
1673 753 1741 817 Fac.

203 859 209 872 '
305 852 392 916 ter-id
412 852 512 936 (fert),
537 851 614 915 berit
637 850 780 934 (lerunt),
805 851 887 913 bertr
909 849 1047 933 (fertur),
1071 849 1165 912 berlir
1186 850 1367 937 (feruntur),
1393 853 1472 916 ber-es
1495 855 1566 940 (qui
1581 854 1658 938 fert),
1680 855 1743 916 bertr

304 954 373 1038 (qui
396 955 526 1038 ferunt),
549 963 582 1016 at
604 953 704 1034 dudm,
728 953 833 1016 dobeir·
856 951 970 1034 (affert,
994 951 1047 1035 qui
1070 949 1184 1034 affert),
1207 953 1333 1018 deberat
1353 954 1512 1039 (afferunt,
1536 957 1590 1042 qui
1606 955 1743 1038 afferunt).

304 1055 411 1118 ‹loderr
434 1053 602 1139 (affertur),
625 1053 768 1118 debentur
789 1050 1004 1136 (afferuntur).

387 1156 560 1222 Praeterea
580 1166 723 1241 tempora
744 1153 982 1220 secundaria
1009 1155 1111 1220 auctis
1134 1155 1244 1239 ntique
1266 1157 1541 1226 terminationibus
1563 1158 1701 1223 differunt
1718 1169 1746 1222 ut

304 1259 334 1321 in
371 1259 466 1324 activi
497 1263 524 1323 l.
548 1267 580 1322 et
601 1258 629 1320 3.
654 1279 737 1342 pers.
765 1259 809 1344 pl.
831 1256 938 1322 addito
959 1259 1001 1319 -is
1027 1258 1157 1342 (postea
1177 1260 1220 1320 -is
1242 1267 1276 1322 ut
1296 1258 1404 1342 hodie,
1437 1283 1518 1346 quae
1540 1261 1745 1346 productioin

302 1361 422 1426 uostris
446 1360 573 1446 quidem
596 1359 759 1424 codicibus
781 1380 937 1443 nusquam
958 1368 1068 1424 notata
1090 1359 1164 1443 est).

389 1459 524 1528 Vocales
545 1461 715 1526 flexionum
737 1459 1023 1544 monosyllabarum
1052 1461 1161 1525 eadem
1182 1462 1306 1526 ratione
1333 1485 1397 1548 qua
1417 1464 1451 1526 in
1474 1463 1748 1528 declinationem

303 1564 397 1629 minis
430 1574 483 1628 aut
505 1573 696 1629 externae
718 1571 937 1627 remanserunt
963 1571 1018 1626 aut
1038 1571 1258 1647 transgressae
1285 1564 1318 1627 in
1346 1563 1501 1648 syllabam
1529 1563 1748 1628 antecedentem

306 1663 390 1748 (sive
413 1665 492 1730 haec
514 1665 631 1731 radicis
654 1673 757 1730 estut
778 1663 987 1750 inpraesenti
1009 1659 1047 1728 ac
1069 1665 1238 1750 praeterito
1260 1687 1318 1750 per
1339 1665 1365 1729 T
1387 1665 1530 1747 formato,
1553 1667 1621 1730 sive
1641 1665 1749 1730 derina

303 1765 405 1830 tionis
428 1766 516 1831 utin
539 1765 709 1851 praeterito
731 1788 789 1852 per
811 1764 834 1832 S
856 1764 998 1847 formato,
1022 1788 1156 1851 quocum
1178 1767 1350 1831 concordat
1371 1768 1440 1832 sola
1463 1773 1491 1831 1.
1507 1791 1591 1853 pers.
1615 1768 1689 1851 sing.
1709 1767 1748 1830 fu·

305 1867 368 1930 turi
389 1891 447 1952 per
460 1868 488 1932 B
503 1867 642 1951 formati)
666 1868 821 1952 praebent
842 1865 982 1952 speciem
1000 1867 1147 1932 flexionis
1169 1867 1363 1946 internae,
1387 1891 1444 1953 per
1465 1891 1560 1954 quam
1581 1869 1749 1954 praesertim

303 1969 425 2033 numeri
450 1970 621 2055 singularis
643 1991 797 2055 personas
815 1968 992 2052 distingunt
1012 1967 1141 2032 vocales
1165 1968 1295 2054 primam
1314 1969 1353 2052 U,
1377 1972 1549 2035 secundam
1571 1971 1618 2055 (et
1630 1970 1749 2046 tertiam,

304 2071 365 2134 etsi
387 2094 452 2134 non
475 2072 583 2135 eadem
607 2069 802 2152 constantia)
824 2068 851 2132 I.
895 2068 934 2132 In
956 2068 1146 2133 flexionibus
1169 2070 1311 2135 binarum
1344 2072 1395 2136 vel
1414 2072 1552 2157 plurium
1574 2073 1749 2159 syllabarum

304 2170 432 2236 vocales
455 2171 660 2238 derivationis
682 2183 737 2236 aut
760 2179 925 2236 servantur
948 2178 1002 2234 aut
1017 2169 1176 2234 eliduntur
1198 2174 1372 2240 secundum
1394 2187 1566 2260 praecepta
1587 2196 1677 2258 supra
1697 2183 1751 2234 tra·

302 2271 369 2335 dita
397 2271 442 2357 (p.
467 2275 507 2338 26
524 2274 621 2360 sqq.).
671 2274 792 2340 Eadem
823 2271 1038 2337 inconstantia
1057 2271 1187 2337 vocales
1208 2275 1326 2341 radicis
1349 2277 1442 2342 modo
1468 2277 1642 2342 retinentur
1669 2277 1750 2341 modo

301 2373 502 2456 exciderunt3
526 2397 619 2460 quam
635 2399 701 2440 rem
724 2400 741 2441 e
756 2375 879 2440 numeri
893 2373 1019 2460 legibus
1036 2373 1173 2437 maxime
1187 2375 1325 2458 pendere
1341 2376 1500 2443 docebunt
1515 2378 1596 2444 haec
1612 2369 1750 2462 'exempla

301 2497 433 2558 quorum
454 2477 542 2542 locos
560 2479 624 2543 vid.
640 2479 737 2544 infra:
760 2479 878 2540 rolesid
893 2474 1057 2560 (iecistis)‚
1081 2476 1153 2538 carri
1166 2476 1266 2537 roln'd
1287 2476 1407 2559 (nonne
1423 2481 1598 2565 iecistis?);
1610 2483 1749 2566 sodoims

300 2575 511 2662 (patiuntur),
535 2585 568 2641 ui
581 2581 713 2662 jorlmet
734 2579 812 2663 (non
835 2575 1029 2664 patiuntur);
1058 2575 1213 2660 cortpaidet
1234 2577 1551 2667 (comprehendunt),
1567 2583 1691 2664 feriebat
1709 2581 1751 2662 (=

293 2678 509 2764 sir-adpetet,
531 2681 715 2765 relincunt).

384 2777 464 2845 Post
489 2783 726 2849 terminationes
755 2803 958 2868 personarum
985 2777 1241 2862 frequentissime
1271 2781 1460 2867 suffiguntur
1486 2797 1582 2851 notae
1610 2793 1750 2870 augentes

300 2905 364 2946 non
388 2883 484 2948 modo
506 2884 726 2969 pronominum
748 2884 917 2948 infixorum
939 2881 1060 2946 tamin
1083 2879 1187 2945 activo
1211 2901 1303 2966 quam
1325 2883 1357 2948 in
1374 2887 1513 2970 passivo,
1537 2887 1594 2952 sed
1616 2885 1703 2952 etiam
1723 2885 1750 2946 in

300 2984 524 3070 coniugatione
546 2986 707 3068 personali
731 2985 826 3050 activi
849 2993 926 3049 nota
948 3005 1068 3066 augens
1092 2982 1288 3064 pronominis
1310 2984 1378 3050 eius
1400 3009 1558 3070 personae
1580 3011 1657 3073 quae
1677 2989 1751 3050 inest

300 3085 331 3148 in
356 3086 464 3166 verbo,
487 3087 609 3152 ratione
632 3111 696 3152 non
718 3087 827 3152 habita
848 3085 1054 3171 pronominis,
1079 3084 1106 3148 si
1131 3083 1214 3168 quod
1239 3093 1287 3149 est
1308 3086 1452 3152 infixum:
1480 3090 1676 3174 chlrriurione
1697 3088 1750 3170 (to

184 3209 187 3222 “
298 3185 396 3270 lero),
431 3189 602 3273 dolrrynbsa
631 3189 811 3274 (ignoscam
840 3189 903 3271 id),
932 3185 1075 3249 eret-meni
1102 3186 1308 3270 (credimus),
1342 3188 1540 3256 labroruorvri
1567 3190 1751 3276 (loquimur),

297 3289 445 3354 stez'ndto
468 3289 682 3375 (significas),
705 3291 858 3356 asberu'rlsa'
879 3287 1036 3372 (dicitis),
1058 3287 1212 3350 dotorum
1232 3288 1400 3372 (affertis),
1423 3315 1482 3355 arvi.
1507 3293 1689 3378 ronynbusso
1710 3290 1752 3370 (ut

300 3390 394 3474 sum),
410 3391 610 3472 sbtrocbuesa
626 3391 755 3478 (reliqui
770 3393 827 3477 te),
851 3392 923 3454 dore
945 3387 1197 3453 novrdobnmlovua
1221 3389 1311 3474 (quia
1331 3390 1527 3476 laudares),
1549 3415 1610 3457 om.
1631 3391 1751 3456 rondob

298 3495 456 3556 corennum
477 3493 529 3577 (ut
551 3494 727 3560 amavimus
751 3497 835 3578 vos).

940 3815 1122 3890 Activum.

381 4001 420 4066 In
436 4002 541 4066 activo
563 4023 689 4086 genere,
713 4002 764 4066 cni
788 4001 1008 4086 subiungimus
1029 4001 1177 4080 medium,
1201 4001 1445 4087 comparandum
1467 4004 1567 4068 verbo
1589 3999 1751 4088 deponenti

297 4102 492 4183 Latinorum,
516 4103 668 4168 maiorem
689 4103 799 4189 lingua
814 4113 939 4168 vetusta
953 4103 1119 4168 hibernica
1139 4102 1272 4187 praebet
1292 4103 1462 4167 formarum
1485 4105 1609 4189 copiam
1624 4101 1750 4168 similem

298 4205 341 4286 ei,
372 4227 453 4290 quae
484 4215 534 4270 est
561 4204 819 4290 coniugationum
847 4204 1023 4270 latinarum.
1067 4203 1094 4269 F
1095 4205 1221 4270 lenione
1244 4205 1368 4269 differre
1389 4215 1534 4290 tempora
1554 4203 1697 4290 primaria
1723 4210 1752 4261 et

298 4307 487 4371 secundaria
508 4307 740 4392 supradictum
756 4319 814 4371 est
852 4304 1003 4372 Ceterum
1026 4308 1119 4372 etiam
1141 4315 1267 4392 praeter
1288 4313 1431 4391 tempora
1445 4306 1633 4371 secundaria
1651 4313 1684 4366 et
1696 4301 1750 4362 im·

297 4409 488 4494 perativum,
515 4409 569 4494 qui
591 4408 624 4472 in
646 4409 888 4493 quibuscunque
909 4409 1028 4494 linguis
1052 4417 1102 4473 est
1123 4418 1277 4487 servatus,
1301 4407 1445 4493 proprias
1467 4409 1617 4494 quasdam
1638 4403 1749 4468 formas

297 4511 494 4597 procreavit,
519 4510 701 4576 breviorum
722 4511 978 4576 terminationum
1000 4511 1140 4595 speciem
1167 4510 1200 4574 in
1220 4509 1374 4594 singulari
1402 4509 1602 4594 potissimum
1625 4521 1747 4570 numeru

295 4611 473 4676 invenimus
490 4611 661 4697 duplicem:
685 4610 815 4676 alteram
836 4612 1015 4696 praesentis
1036 4611 1201 4674 indicativi
1225 4619 1257 4674 et
1270 4610 1443 4695 praeteriti,
1466 4610 1593 4676 alteram
1606 4605 1746 4674 coniunc-

295 4713 362 4795 tivi,
386 4735 524 4798 quocum
543 4713 620 4778 lacit
639 4713 788 4778 futurum.
830 4714 881 4779 De
902 4713 1035 4800 optativi
1055 4713 1199 4798 reliquiis
1220 4711 1303 4777 infra
1322 4712 1504 4778 disseretur.

379 4813 540 4880 Formae
562 4815 757 4880 relativae
784 4815 918 4880 atentia
937 4837 1076 4900 persona
1104 4813 1247 4880 cuiusvis
1270 4815 1424 4899 temporis
1447 4812 1583 4898 primarii
1606 4805 1676 4893 (etsi
1697 4823 1742 4865 ra·

295 4917 362 4980 rius
382 4916 561 5002 praeteriti)
590 4926 623 4982 et
649 4917 844 4982 coniunctivi
873 4917 968 4982 activi
997 4927 1172 4983 nascuntur
1193 4916 1316 4981 adiecto
1340 4915 1363 4982 S
1391 4917 1425 4980 in
1450 4937 1579 4978 numero
1601 4899 1740 4992 singulari

295 5017 357 5102 (ita
376 5018 504 5104 quidem
526 5019 732 5105 regulariter,
760 5019 790 5084 E
819 5018 855 5084 in
876 5017 1029 5085 anomalis
1053 5017 1276 5103 quibusdam),
1304 5017 1333 5082 E
1362 5017 1395 5081 in
1417 5015 1541 5104 plurali.
1586 5011 1644 5078 His
1668 5023 1741 5069 vem

295 5117 413 5201 formis,
437 5141 519 5205 quae
541 5119 624 5184 infra
646 5142 703 5186 suo
726 5143 870 5208 quaeque
890 5121 962 5187 loco
984 5119 1157 5203 tradentur,
1181 5119 1287 5186 statim
1308 5117 1361 5186 hic
1383 5117 1601 5186 adnotabimus
1618 5131 1679 5178 11⁰ss
1691 5123 1742 5169 ⁸⁰·
