3606 5636
234 349 262 416 Ι.
285 353 314 418 2.
348 369 526 420 oonsousrr
547 367 776 418 summoue
797 369 1012 418 nrorrosrrrns
1035 373 1243 422 rumrrrvsn.
1282 361 1350 422 (²⁰5·
1364 361 1424 424 206)
1456 363 1515 430 189

69 535 93 616 3,
113 535 179 602 298.
215 540 325 624 qwedy
351 538 463 604 olinae
489 559 532 624 yn
557 539 666 624 pmlod
692 537 881 626 (postquam
907 538 1051 606 defessus
1080 551 1130 608 est
1157 545 1351 632 pugnando)
1389 552 1416 630 1,
1438 551 1514 632 259;
1579 601 1589 616 .

68 659 165 724 praep.
194 661 215 701 a
247 637 363 724 (cum),
391 662 472 726 quae
499 639 621 726 aspirat
640 649 811 726 sequentes
832 649 960 721 tenues,
991 665 1056 707 non
1077 645 1180 728 tangit
1202 655 1323 713 ceteras
1347 673 1515 719 consonas.

68 741 213 828 Exempla
233 741 416 808 infectionis
437 753 513 829 post
534 743 627 824 alias,
657 752 691 806 ut
712 741 775 823 teo,
799 765 866 824 ean,
888 743 999 808 videas
1020 743 1103 809 infra
1125 741 1162 811 G.
1185 745 1211 808 I.
1235 751 1263 810 7.

142 841 310 910 Cornice
330 845 409 910 item
429 854 505 930 post
523 843 779 930 praepositiones
798 866 842 927 yn
864 844 888 927 ('
913 843 939 927 ),
961 867 1020 930 rap
1042 845 1159 931 (prae),
1179 871 1258 932 pane
1280 849 1398 935 (curn),
1422 858 1516 921 worth

70 945 209 1030 (contra),
233 947 300 1010 dut
315 945 444 1031 (mens),
464 956 554 1028 yntrc
570 943 691 1031 (inter),
715 945 779 1008 dan
793 944 893 1029 (sub),
917 969 937 1008 e
951 948 1013 1032 egle
1028 947 1165 1034 (supra),
1186 950 1284 1030 crebo,
1307 953 1414 1038 troylra
1430 955 1515 1040 (ver-

69 1048 143 1132 sus):
158 1047 356 1132 peterreatis
371 1048 420 1134 (in
435 1045 671 1129 commixtione)
686 1045 723 1111 P.
735 1048 786 1128 58,
798 1049 828 1110 4.
849 1069 892 1131 yn
905 1047 963 1134 kyp
975 1071 1019 1134 yn
1031 1071 1104 1133 pope
1118 1049 1166 1134 (in
1178 1072 1281 1131 carne,
1298 1053 1332 1117 in
1343 1061 1515 1146 sauguine)

70 1151 132 1231 256,
147 1153 176 1214 4.
204 1171 265 1236 rap
278 1149 398 1214 leenae
412 1149 503 1236 (prae
518 1148 641 1232 amore)
660 1150 728 1230 167,
744 1151 773 1214 4.
800 1171 879 1234 pnes
893 1149 972 1214 dour
987 1149 1100 1235 (aqua)
1122 1153 1172 1230 45,
1189 1153 1217 1216 2.
1242 1176 1321 1239 pons
1334 1160 1413 1222 urett
1427 1159 1516 1244 (cum

71 1250 228 1336 dedecore)
251 1253 302 1332 97,
319 1254 349 1317 4.
376 1275 450 1316 cuns
462 1273 532 1338 pur,
554 1274 627 1318 ceos
645 1273 743 1338 praep
770 1251 856 1337 (curn
878 1251 957 1332 viro,
980 1273 1052 1317 cum
1073 1251 1218 1336 muliere)
1240 1253 1318 1320 Voc.
1344 1258 1384 1324 7⁸.
1418 1266 1516 1328 worth

68 1353 129 1418 meh
147 1357 206 1418 den
233 1355 326 1440 (erga
350 1353 449 1418 filium
476 1352 627 1434 hominis)
649 1350 687 1418 P.
703 1353 773 1434 227,
789 1354 820 1418 4.
848 1354 915 1417 ortt
933 1351 1047 1439 procles
1069 1351 1126 1437 (ad
1146 1354 1282 1440 virgam)
1305 1359 1375 1442 292,
1392 1364 1421 1427 3.
1450 1367 1516 1430 cbe's

67 1455 120 1537 pub
140 1467 189 1519 tro
212 1455 326 1542 (super
341 1479 467 1521 omnem
480 1455 561 1538 rem)
584 1455 679 1536 24,1.
705 1465 794 1537 yntre
816 1455 878 1518 deu
901 1454 951 1538 (in
967 1453 1045 1537 duo)
1067 1455 1138 1534 209,
1155 1457 1184 1520 3.
1212 1479 1256 1540 yn
1277 1460 1340 1522 dan
1359 1485 1418 1548 pen
1439 1465 1514 1548 (sub

67 1557 231 1642 maxillam)
243 1557 283 1624 Ο.
295 1559 388 1623 2172.
411 1581 431 1622 α
445 1557 503 1642 egb
516 1577 575 1639 pen
590 1558 663 1620 crist
677 1555 792 1640 (supra
807 1564 903 1640 caput
914 1554 1048 1639 Christi)
1060 1554 1097 1620 P.
1113 1557 1181 1638 189,
1194 1559 1223 1620 2.
1247 1563 1354 1646 troqba
1366 1567 1516 1652 paratbps

68 1656 120 1738 (ad
139 1659 324 1744 paradisum
346 1659 492 1742 versus),
521 1658 610 1720 troba
630 1657 685 1720 ken
704 1677 773 1741 potu
801 1656 857 1740 (ad
879 1657 972 1722 aliam
994 1665 1108 1721 terram
1130 1659 1259 1742 versus)
1286 1659 1325 1724 Ο.
1349 1665 1419 1728 332.
1443 1666 1514 1732 844.

140 1761 374 1826 Aremorica
389 1759 533 1845 exempla
546 1757 713 1822 hodierna:
736 1779 794 1821 eun
809 1759 862 1820 dea
877 1757 969 1842 (die),
993 1759 1012 1820 ἐ
1022 1758 1084 1840 ter,
1107 1781 1165 1823 eun
1178 1759 1231 1822 lter
1253 1761 1302 1845 (in
1324 1765 1425 1850 urbe),
1447 1769 1516 1834 ne't

66 1884 136 1944 pern
157 1861 272 1950 (supra
292 1871 396 1948 caput,
419 1860 540 1948 supra),
563 1861 620 1943 lep
641 1861 727 1924 moni
747 1858 832 1942 (sine
854 1857 1010 1944 argento),
1030 1872 1106 1945 pant
1118 1859 1188 1924 kala
1209 1885 1229 1924 a
1244 1864 1311 1926 dod
1331 1864 1431 1952 (apud
1445 1869 1516 1955 plu-

68 1963 134 2048 res),
156 1964 214 2028 e'eit
234 1963 423 2028 kendorc’tel
443 1960 499 2046 (sd
520 1961 812 2044 conservandum).

142 2068 170 2129 7.
202 2063 284 2130 Post
310 2063 497 2152 particulas:
527 2064 725 2129 cambrice
752 2070 827 2148 post
851 2062 916 2126 snut
943 2061 1021 2146 (ut):
1049 2061 1100 2124 eal
1124 2061 1193 2126 leont
1218 2064 1269 2147 (ut
1296 2069 1405 2154 antea)
1432 2071 1510 2159 Leg.

68 2167 93 2248 2,
106 2169 133 2247 5,
149 2167 178 2232 2.
206 2167 264 2230 aul
282 2167 381 2254 (φησι
403 2167 454 2254 (ut
468 2165 522 2251 O.)
536 2164 623 2232 Meb.
642 2167 669 2247 1,
687 2167 734 2231 12.
778 2163 858 2230 Post
876 2187 919 2250 yn
941 2164 1006 2249 (ut)
1028 2184 1170 2229 consona
1190 2165 1362 2250 originaria
1385 2174 1514 2260 saepius

70 2281 183 2335 serrata
203 2269 366 2335 invenitur
386 2269 420 2334 iu
440 2266 546 2350 Man,
574 2268 730 2333 interdum
752 2266 978 2354 irregulariter:
1005 2287 1048 2347 yn
1070 2277 1242 2350 tywyssoecc
1269 2268 1325 2354 (ut
1345 2273 1515 2362 princeps)

69 2372 94 2453 2,
110 2372 175 2438 380.
202 2395 247 2457 yn
269 2371 374 2435 llawen
396 2369 563 2454 (libenter)
584 2369 627 2456 fq.
656 2371 703 2434 bot
716 2391 759 2455 yn
774 2369 878 2456 teyneb
899 2366 988 2452 (esse
1006 2367 1238 2452 formosiorem)
1264 2373 1291 2452 1,
1314 2376 1343 2438 4.
1374 2397 1418 2461 yn
1434 2399 1515 2463 per·

66 2495 156 2558 seyen,
181 2495 225 2559 yn
248 2473 358 2558 perde
385 2478 486 2557 (mere
508 2473 613 2553 albus,
636 2471 742 2557 niger)
771 2471 799 2553 2,
821 2471 896 2550 380,
930 2469 1115 2554 regulariter
1133 2469 1167 2534 in
1188 2471 1362 2539 infinitivo:
1390 2478 1515 2544 Ilowuo-

68 2597 174 2662 rpnyon
198 2596 243 2660 yn
268 2577 398 2660 puniceo
424 2573 565 2662 (puellae
587 2572 770 2660 operantes)
798 2574 875 2653 1,1.
909 2593 952 2656 yn
971 2571 1202 2656 massonaetlra
1231 2572 1406 2663 (serviens)
1439 2583 1466 2661 1,
1484 2585 1514 2647 5.

69 2675 110 2740 bot
126 2700 167 2764 yn
180 2676 304 2742 Ιεοιζιεαιυ
326 2675 415 2761 (esse
436 2676 655 2764 quaerentem)
678 2677 706 2756 1,
726 2677 755 2738 5.
788 2671 966 2738 anniuetletr
985 2673 1092 2758 qullt
1109 2695 1153 2759 yn
1172 2678 1243 2758 pori
1262 2676 1427 2761 (animalia
1447 2681 1515 2748 fera
1653 2727 1654 2730 κ
1690 2647 1691 2650 ¹
1738 2697 1740 2702 ’

69 2777 237 2864 pascentia)
263 2782 289 2860 1,
312 2780 340 2846 6.
373 2801 417 2864 yn
434 2779 605 2864 persydpaw
628 2776 825 2864 (paenitens)
849 2777 878 2857 2,
901 2776 972 2840 376.
1020 2773 1161 2840 Iniectae
1180 2777 1215 2842 in
1238 2779 1436 2848 substantivo
1464 2785 1515 2849 vel

68 2882 213 2949 adiectiro
236 2881 383 2966 sequenti
404 2901 565 2946 consonae
587 2879 733 2966 exemplo
752 2878 863 2944 videns
886 2876 966 2941 infra
981 2874 1019 2943 G.
1034 2877 1061 2942 Ι.
1077 2879 1106 2944 8.
1128 2913 1137 2938 .

141 2983 220 3050 Post
238 2981 413 3071 particulas
428 3001 470 3064 os,
488 3003 524 3045 or
538 2981 607 3067 (si),
625 2983 680 3067 pei
692 2980 761 3066 (si),
783 2978 855 3061 bun,
870 2978 966 3063 sanyr
980 2979 1100 3064 (nsm):
1123 3003 1154 3044 os
1169 2979 1234 3064 byn
1248 2983 1350 3065 ruydufi
1363 2984 1408 3069 (si
1421 2987 1515 3053 vivus

68 3085 128 3170 ero)
147 3085 233 3152 Mat.
257 3085 353 3167 2,12.
383 3105 419 3148 or
430 3083 526 3170 purely
548 3082 594 3166 (si
608 3082 752 3167 videris),
775 3104 810 3146 er
825 3083 920 3167 elysey
942 3079 986 3165 (si
1002 3080 1155 3167 audieris)
1179 3086 1206 3163 1,
1232 3083 1302 3148 238.
1326 3089 1382 3170 pei
1399 3094 1518 3174 qupet

68 3186 105 3268 (si
119 3186 237 3272 sciret),
259 3188 311 3272 μα’
323 3185 436 3270 koffwn
458 3184 502 3268 (si
518 3184 680 3270 caperem)
698 3188 725 3265 1,
742 3186 793 3250 35.
809 3185 881 3249 247.
908 3183 969 3246 leun
982 3185 1122 3268 qudwn
1143 3183 1230 3266 (nam
1248 3185 1402 3271 sciebam)
1421 3192 1447 3270 1,
1463 3191 1513 3256 25.

68 3286 153 3373 leupo
170 3312 238 3374 pror
253 3289 344 3374 μνᾶ
363 3287 471 3352 adest
492 3288 548 3352 ced
568 3285 659 3368 (narn
679 3285 728 3352 vir
742 3286 882 3372 prudens
905 3292 936 3349 et
958 3284 1070 3350 doctus
1091 3284 1171 3368 erat)
1194 3286 1223 3365 3,
1240 3285 1311 3349 298.
1346 3287 1426 3354 Item
1441 3303 1516 3377 post

68 3389 240 3472 porticulum
256 3390 418 3456 verbalem
432 3411 458 3472 e,
473 3412 509 3474 y:
532 3411 564 3453 os
578 3411 678 3452 onnon
692 3409 708 3452 e
719 3387 902 3472 pectebant
924 3386 969 3470 (si
989 3395 1089 3449 morte
1111 3387 1310 3471 separantur)
1331 3389 1410 3476 Leg.
1433 3393 1461 3473 2,
1487 3397 1514 3475 1,

72 3491 113 3553 ll.
137 3515 158 3576 y
175 3491 310 3578 qwelwn
331 3514 353 3577 y
371 3491 490 3576 paoeleis
510 3493 524 3554 ι’
544 3489 717 3575 (videbam,
738 3488 831 3572 vidi),
850 3511 872 3574 y
892 3489 1038 3573 ownepeis
1058 3489 1072 3548 r·
1092 3484 1172 3569 (dixi
1196 3488 1269 3572 ego)
1291 3487 1376 3557 Mab.
1397 3495 1423 3574 1,
1440 3496 1468 3560 3.
1485 3497 1514 3559 5.

68 3592 222 3680 plysn-rope
236 3615 349 3657 mecm
363 3615 401 3656 cc
419 3614 482 3677 yse
502 3614 524 3678 y
543 3592 649 3677 ywelee'
660 3589 807 3675 ureidwyt
828 3589 993 3674 (dormivit
1006 3587 1167 3654 Maximus
1189 3600 1222 3652 et
1241 3599 1316 3654 tuno
1338 3593 1418 3657 vidit
1432 3615 1515 3659 som·

68 3693 159 3780 rium)
182 3697 211 3777 3,
227 3696 300 3760 264.

144 3796 222 3863 Post
242 3794 416 3885 perticulns
438 3818 458 3857 a
480 3792 544 3877 (et;
564 3823 598 3848 =
612 3795 676 3878 ac),
696 3817 736 3860 nc
758 3793 840 3876 (νεὶ,
862 3823 896 3848 --
909 3792 994 3879 trec),
1015 3817 1057 3879 ny
1080 3791 1184 3877 (nou),
1206 3817 1247 3856 oa
1271 3795 1359 3880 (nou,
1382 3817 1460 3878 nec;
1482 3827 1516 3852 =

67 3898 144 3983 oue),
172 3923 189 3964 o
210 3898 270 3984 (si;
290 3925 325 3953 =
340 3897 404 3981 os),
428 3918 510 3982 quae
532 3899 674 3986 aspirant
694 3908 815 3978 tenues,
838 3906 964 3962 ceterae
984 3915 1158 3976 consonae,
1182 3917 1263 3980 quae
1284 3919 1349 3962 non
1370 3908 1444 3964 sunt
1464 3921 1516 3964 ca-

67 4023 155 4085 paces
169 3999 383 4086 aspirationis,
405 3999 544 4064 iutectae
559 3999 625 4065 lere
642 4009 781 4065 manent:
805 3998 925 4084 abrepto
940 4020 1091 4083 cerepum
1112 3997 1160 4083 (et
1175 4020 1288 4063 cenare
1304 4000 1411 4087 coepi)
1428 4000 1515 4068 Mab.

71 4105 93 4184 1,
108 4107 133 4168 5.
162 4103 275 4190 opffyn
297 4125 392 4168 corne
414 4100 463 4186 (et
483 4101 678 4187 interrogare
700 4099 821 4188 coepit)
846 4104 873 4183 1,
890 4103 918 4164 2.
945 4100 1033 4186 puell
1053 4121 1091 4163 no
1112 4102 1158 4163 mi
1177 4098 1305 4184 (melior
1326 4123 1419 4187 quam
1440 4104 1516 4188 ego)

71 4207 93 4282 1,
112 4205 139 4270 2.
173 4205 246 4290 hyat
266 4226 306 4267 no
327 4204 407 4267 mici
432 4201 536 4288 (prius
559 4223 653 4287 quam
674 4201 749 4288 ego)
779 4206 806 4284 1,
827 4205 857 4266 4.
890 4225 932 4287 ny
955 4201 990 4265 bo
1012 4201 1064 4264 zer·
1090 4199 1170 4283 (non
1198 4210 1265 4266 erat
1285 4202 1403 4287 minor)
1436 4207 1462 4284 1,
1485 4207 1514 4268 6.

69 4325 118 4388 osy
138 4305 184 4370 tei
203 4305 249 4392 (si
271 4327 336 4370 uon
357 4303 467 4394 esset),
483 4308 510 4386 1,
527 4306 598 4370 240.
641 4327 684 4368 aa
705 4305 768 4388 dyo
789 4327 832 4368 nc
854 4303 967 4388 llwdyn
994 4302 1069 4386 (uec
1090 4301 1185 4366 homo
1207 4325 1267 4367 nec
1287 4305 1406 4389 bestie)
1436 4309 1463 4386 1,
1485 4307 1514 4370 9.

68 4427 104 4468 no
120 4407 231 4471 march
251 4429 313 4470 nac
333 4428 430 4470 creec
451 4406 531 4490 (nec
553 4402 654 4492 equos
674 4427 735 4471 nec
757 4403 866 4489 arma)
891 4407 918 4487 1,
940 4405 1011 4470 236.
1051 4427 1094 4467 no
1120 4403 1211 4488 clynt
1237 4427 1279 4468 nn
1303 4407 1409 4490 proedy
1437 4405 1512 4489 (uec

71 4516 151 4573 autea
169 4531 229 4575 nec
250 4507 380 4595 postea)
404 4509 431 4588 1,
448 4510 477 4573 9.
504 4509 630 4595 opwely
651 4508 696 4594 (si
710 4505 851 4590 videbis)
869 4509 896 4588 1,
913 4507 983 4572 238.
1016 4504 1173 4591 Exempla
1193 4515 1299 4570 temen
1319 4506 1422 4572 factae
1442 4517 1517 4593 post

70 4630 113 4692 ty,
129 4635 167 4674 nn
189 4609 406 4677 destitutionis
430 4609 540 4676 videas
562 4609 644 4674 infre
666 4608 811 4676 C.I.11.

141 4710 312 4780 Oorniee
332 4721 408 4798 post
424 4711 598 4800 particulas
621 4719 840 4799 comparantes
868 4710 935 4774 nuel
956 4708 1019 4794 (ut)
1042 4745 1084 4758 -—
1107 4731 1202 4796 quern
1231 4710 1265 4774 in
1285 4733 1347 4776 uno
1371 4709 1515 4796 exemplo

71 4823 205 4894 provecte
224 4813 333 4880 media
354 4813 511 4899 sequitur:
535 4814 613 4878 auett
632 4813 709 4899 ppo
720 4814 786 4896 foll
806 4813 857 4897 (ut
871 4812 998 4878 omnino
1021 4811 1150 4892 stultus3
1174 4811 1259 4896 tyro)
1281 4810 1318 4876 P.
1343 4811 1411 4892 182,
1433 4813 1452 4874 2
1474 4847 1516 4858 --

73 4923 98 4975 et
108 4937 146 4998 ys,
161 4920 226 5004 epis
240 4915 382 5002 (qnam):
405 4915 485 4980 orell
498 4916 540 4980 du
562 4913 613 5000 (ut
634 4913 727 4999 deus)
749 4912 786 4979 P.
802 4916 832 4996 6,
847 4917 877 4980 4.
905 4915 972 4977 nuel
992 4935 1091 4978 carew
1113 4913 1163 4998 (ut
1184 4914 1313 4997 cerrus)
1335 4915 1364 4996 2,
1381 4915 1411 4978 2.
1441 4913 1516 4998 lyce

71 5015 173 5102 yrboys
193 5017 298 5105 (prius
320 5037 414 5103 quam
436 5016 500 5102 est)
514 5019 565 5097 49,
581 5017 611 5081 2.
639 5016 714 5104 byns
726 5039 762 5102 ys
776 5015 857 5079 coeloe
878 5014 981 5101 (prius
1003 5039 1096 5101 quern
1118 5015 1268 5101 dormire)
1289 5018 1385 5098 51,1.
1419 5015 1517 5102 pwctle

73 5119 128 5200 ⁰911
145 5121 250 5185 crocet
271 5118 377 5205 (peior
400 5140 496 5205 quam
516 5118 607 5202 bulo)
629 5120 682 5200 47,
697 5119 726 5182 4.
