<?xml version="1.0" encoding="UTF-8"?>
<!DOCTYPE html PUBLIC "-//W3C//DTD XHTML 1.0 Transitional//EN"
    "http://www.w3.org/TR/xhtml1/DTD/xhtml1-transitional.dtd">
<html xmlns="http://www.w3.org/1999/xhtml" xml:lang="en" lang="en">
 <head>
  <title>
</title>
<meta http-equiv="Content-Type" content="text/html;charset=utf-8" />
  <meta name='ocr-system' content='tesseract 3.04.00' />
  <meta name='ocr-capabilities' content='ocr_page ocr_carea ocr_par ocr_line ocrx_word'/>
</head>
<body>
  <div class='ocr_page' id='page_1' title='image "./grammaticacelti00ebelgoog/grammaticacelti00ebelgoog_0429.png"; bbox 0 0 3678 5650; ppageno 0'>
   <div class='ocr_carea' id='block_1_1' title="bbox 251 371 1358 438">
    <p class='ocr_par' dir='ltr' id='par_1_1' title="bbox 251 371 1358 438">
     <span class='ocr_line' id='line_1_1' title="bbox 251 371 1358 438; baseline -0.003 0"><span class='ocrx_word' id='word_1_1' title='bbox 251 373 314 438; x_wconf 78' lang='lat'><strong>422</strong></span> <span class='ocrx_word' id='word_1_2' title='bbox 346 375 417 438; x_wconf 69' lang='grc'><strong>(411)</strong></span> <span class='ocrx_word' id='word_1_3' title='bbox 609 371 671 438; x_wconf 93' lang='grc' dir='ltr'><strong>ΙΠ.</strong></span> <span class='ocrx_word' id='word_1_4' title='bbox 695 376 722 437; x_wconf 92' lang='grc'><strong>1.</strong></span> <span class='ocrx_word' id='word_1_5' title='bbox 755 387 968 438; x_wconf 76' lang='grc'><strong>5555555555</strong></span> <span class='ocrx_word' id='word_1_6' title='bbox 988 386 1160 436; x_wconf 73' lang='lat' dir='ltr'><strong>masmae</strong></span> <span class='ocrx_word' id='word_1_7' title='bbox 1181 387 1358 438; x_wconf 78' lang='lat' dir='ltr'><strong>coamoan.</strong></span> 
     </span>
    </p>
   </div>
   <div class='ocr_carea' id='block_1_2' title="bbox 247 548 1823 1262">
    <p class='ocr_par' dir='ltr' id='par_1_2' title="bbox 247 548 1823 1262">
     <span class='ocr_line' id='line_1_2' title="bbox 251 548 1708 646; baseline 0 -26"><span class='ocrx_word' id='word_1_8' title='bbox 251 581 295 620; x_wconf 82' lang='grc'><strong>55</strong></span> <span class='ocrx_word' id='word_1_9' title='bbox 315 581 382 643; x_wconf 75' lang='lat' dir='ltr'><strong>cyro</strong></span> <span class='ocrx_word' id='word_1_10' title='bbox 403 548 438 622; x_wconf 83' lang='grc'><strong>51</strong></span> <span class='ocrx_word' id='word_1_11' title='bbox 465 558 514 643; x_wconf 87' lang='grc'><strong>(51</strong></span> <span class='ocrx_word' id='word_1_12' title='bbox 535 558 608 646; x_wconf 86' lang='lat' dir='ltr'><strong>ipsa</strong></span> <span class='ocrx_word' id='word_1_13' title='bbox 626 557 686 623; x_wconf 86' lang='lat' dir='ltr'><strong>fnit</strong></span> <span class='ocrx_word' id='word_1_14' title='bbox 707 581 786 622; x_wconf 88' lang='lat' dir='ltr'><strong>uxor</strong></span> <span class='ocrx_word' id='word_1_15' title='bbox 807 556 957 643; x_wconf 75' lang='lat' dir='ltr'><strong>quamdiu</strong></span> <span class='ocrx_word' id='word_1_16' title='bbox 983 555 1043 620; x_wconf 88' lang='lat' dir='ltr'><strong>fuit</strong></span> <span class='ocrx_word' id='word_1_17' title='bbox 1063 556 1171 643; x_wconf 82' lang='lat' dir='ltr'><strong>viva),</strong></span> <span class='ocrx_word' id='word_1_18' title='bbox 1199 578 1334 642; x_wconf 72' lang='lat' dir='ltr'><strong>crquam</strong></span> <span class='ocrx_word' id='word_1_19' title='bbox 1354 578 1377 640; x_wconf 79' lang='lat' dir='ltr'><strong><em>y</em></strong></span> <span class='ocrx_word' id='word_1_20' title='bbox 1399 579 1471 620; x_wconf 81' lang='lat' dir='ltr'><strong>mar</strong></span> <span class='ocrx_word' id='word_1_21' title='bbox 1494 577 1589 622; x_wconf 81' lang='grc'><strong>55555</strong></span> <span class='ocrx_word' id='word_1_22' title='bbox 1607 579 1628 640; x_wconf 74' lang='lat' dir='ltr'><strong><em>y</em></strong></span> <span class='ocrx_word' id='word_1_23' title='bbox 1649 557 1708 620; x_wconf 83' lang='grc'><strong>1155</strong></span> 
     </span>
     <span class='ocr_line' id='line_1_3' title="bbox 247 657 1708 746; baseline 0.001 -26"><span class='ocrx_word' id='word_1_24' title='bbox 247 681 311 744; x_wconf 76' lang='lat' dir='ltr'><strong>puy</strong></span> <span class='ocrx_word' id='word_1_25' title='bbox 336 681 437 744; x_wconf 75' lang='lat' dir='ltr'><strong>pauca</strong></span> <span class='ocrx_word' id='word_1_26' title='bbox 465 660 550 744; x_wconf 83' lang='lat' dir='ltr'><strong>fford</strong></span> <span class='ocrx_word' id='word_1_27' title='bbox 575 659 662 724; x_wconf 82' lang='grc'><strong>51155</strong></span> <span class='ocrx_word' id='word_1_28' title='bbox 690 657 909 746; x_wconf 83' lang='lat' dir='ltr'><strong>(permmpere</strong></span> <span class='ocrx_word' id='word_1_29' title='bbox 939 680 1062 722; x_wconf 88' lang='lat' dir='ltr'><strong>murum</strong></span> <span class='ocrx_word' id='word_1_30' title='bbox 1084 659 1149 740; x_wconf 92' lang='lat' dir='ltr'><strong>leo,</strong></span> <span class='ocrx_word' id='word_1_31' title='bbox 1179 658 1282 724; x_wconf 90' lang='lat' dir='ltr'><strong>donec</strong></span> <span class='ocrx_word' id='word_1_32' title='bbox 1310 657 1395 743; x_wconf 87' lang='lat' dir='ltr'><strong>cepit</strong></span> <span class='ocrx_word' id='word_1_33' title='bbox 1421 659 1505 724; x_wconf 88' lang='lat' dir='ltr'><strong>viam</strong></span> <span class='ocrx_word' id='word_1_34' title='bbox 1534 659 1633 738; x_wconf 83' lang='lat' dir='ltr'><strong>foras,</strong></span> <span class='ocrx_word' id='word_1_35' title='bbox 1660 680 1708 722; x_wconf 85' lang='lat' dir='ltr'><strong>ex-</strong></span> 
     </span>
     <span class='ocr_line' id='line_1_4' title="bbox 251 759 1823 846; baseline 0.003 -23"><span class='ocrx_word' id='word_1_36' title='bbox 251 759 344 844; x_wconf 90' lang='lat' dir='ltr'><strong>itum)</strong></span> <span class='ocrx_word' id='word_1_37' title='bbox 370 763 397 842; x_wconf 89' lang='lat'><strong>1,</strong></span> <span class='ocrx_word' id='word_1_38' title='bbox 413 762 464 827; x_wconf 84' lang='lat'><strong>36.</strong></span> <span class='ocrx_word' id='word_1_39' title='bbox 809 819 812 828; x_wconf 85' lang='grc'><em>,</em></span> <span class='ocrx_word' id='word_1_40' title='bbox 1822 833 1823 846; x_wconf 51' lang='grc'><strong>,</strong></span> 
     </span>
     <span class='ocr_line' id='line_1_5' title="bbox 336 859 1709 948; baseline -0.001 -22"><span class='ocrx_word' id='word_1_41' title='bbox 336 861 469 928; x_wconf 84' lang='lat' dir='ltr'><strong>Excidit</strong></span> <span class='ocrx_word' id='word_1_42' title='bbox 482 870 615 947; x_wconf 88' lang='lat' dir='ltr'><strong>utraque</strong></span> <span class='ocrx_word' id='word_1_43' title='bbox 637 861 794 946; x_wconf 86' lang='lat' dir='ltr'><strong>particula</strong></span> <span class='ocrx_word' id='word_1_44' title='bbox 807 868 882 948; x_wconf 87' lang='lat' dir='ltr'><strong>post</strong></span> <span class='ocrx_word' id='word_1_45' title='bbox 894 859 1073 945; x_wconf 74' lang='lat' dir='ltr'><strong>negativas,</strong></span> <span class='ocrx_word' id='word_1_46' title='bbox 1097 860 1220 926; x_wconf 90' lang='lat' dir='ltr'><strong>etiamsi</strong></span> <span class='ocrx_word' id='word_1_47' title='bbox 1243 869 1319 926; x_wconf 87' lang='lat' dir='ltr'><strong>aunt</strong></span> <span class='ocrx_word' id='word_1_48' title='bbox 1338 861 1528 947; x_wconf 73' lang='lat' dir='ltr'><strong>pronomina</strong></span> <span class='ocrx_word' id='word_1_49' title='bbox 1541 861 1709 946; x_wconf 84' lang='lat' dir='ltr'><strong>infigenda:</strong></span> 
     </span>
     <span class='ocr_line' id='line_1_6' title="bbox 250 961 1823 1049; baseline 0 -23"><span class='ocrx_word' id='word_1_50' title='bbox 250 985 324 1047; x_wconf 70' lang='lat' dir='ltr'><strong>apra</strong></span> <span class='ocrx_word' id='word_1_51' title='bbox 352 965 424 1028; x_wconf 82' lang='lat' dir='ltr'><strong>rodi</strong></span> <span class='ocrx_word' id='word_1_52' title='bbox 449 985 552 1049; x_wconf 71' lang='lat' dir='ltr'><strong>panea</strong></span> <span class='ocrx_word' id='word_1_53' title='bbox 573 974 702 1048; x_wconf 66' lang='grc'><strong>5955151</strong></span> <span class='ocrx_word' id='word_1_54' title='bbox 731 962 812 1047; x_wconf 87' lang='grc'><strong>(555</strong></span> <span class='ocrx_word' id='word_1_55' title='bbox 834 982 884 1025; x_wconf 88' lang='lat' dir='ltr'><strong>me</strong></span> <span class='ocrx_word' id='word_1_56' title='bbox 905 961 982 1026; x_wconf 88' lang='lat' dir='ltr'><strong>dare</strong></span> <span class='ocrx_word' id='word_1_57' title='bbox 1008 971 1099 1049; x_wconf 90' lang='lat' dir='ltr'><strong>pater</strong></span> <span class='ocrx_word' id='word_1_58' title='bbox 1119 985 1210 1028; x_wconf 91' lang='lat' dir='ltr'><strong>meus</strong></span> <span class='ocrx_word' id='word_1_59' title='bbox 1238 961 1355 1046; x_wconf 80' lang='lat' dir='ltr'><strong>voluit)</strong></span> <span class='ocrx_word' id='word_1_60' title='bbox 1382 962 1469 1028; x_wconf 84' lang='lat' dir='ltr'><strong>Mab.</strong></span> <span class='ocrx_word' id='word_1_61' title='bbox 1495 967 1521 1045; x_wconf 95' lang='lat' dir='ltr'><strong>l,</strong></span> <span class='ocrx_word' id='word_1_62' title='bbox 1545 964 1615 1029; x_wconf 90' lang='grc'><strong>252.</strong></span> <span class='ocrx_word' id='word_1_63' title='bbox 1645 985 1709 1048; x_wconf 55' lang='lat' dir='ltr'><strong>pora</strong></span> <span class='ocrx_word' id='word_1_64' title='bbox 1822 977 1823 1042; x_wconf 65' lang='lat'>1</span> 
     </span>
     <span class='ocr_line' id='line_1_7' title="bbox 249 1057 1714 1151; baseline 0.001 -24"><span class='ocrx_word' id='word_1_65' title='bbox 249 1067 363 1131; x_wconf 76' lang='lat' dir='ltr'><strong>‹Icrcbc</strong></span> <span class='ocrx_word' id='word_1_66' title='bbox 385 1067 427 1133; x_wconf 84' lang='grc'><strong>51.</strong></span> <span class='ocrx_word' id='word_1_67' title='bbox 449 1064 509 1149; x_wconf 74' lang='lat' dir='ltr'><strong>lya</strong></span> <span class='ocrx_word' id='word_1_68' title='bbox 530 1064 605 1149; x_wconf 76' lang='lat' dir='ltr'><strong>nytb</strong></span> <span class='ocrx_word' id='word_1_69' title='bbox 625 1085 725 1148; x_wconf 74' lang='lat' dir='ltr'><strong>vynco</strong></span> <span class='ocrx_word' id='word_1_70' title='bbox 747 1062 834 1147; x_wconf 88' lang='lat' dir='ltr'><strong>(ama</strong></span> <span class='ocrx_word' id='word_1_71' title='bbox 856 1085 940 1142; x_wconf 90' lang='lat' dir='ltr'><strong>eam,</strong></span> <span class='ocrx_word' id='word_1_72' title='bbox 963 1061 1089 1128; x_wconf 90' lang='lat' dir='ltr'><strong>etiamsi</strong></span> <span class='ocrx_word' id='word_1_73' title='bbox 1111 1071 1143 1127; x_wconf 95' lang='lat' dir='ltr'><strong>te</strong></span> <span class='ocrx_word' id='word_1_74' title='bbox 1164 1063 1316 1148; x_wconf 88' lang='lat' dir='ltr'><strong>noluerit)</strong></span> <span class='ocrx_word' id='word_1_75' title='bbox 1347 1067 1373 1148; x_wconf 96' lang='grc'><strong>1,</strong></span> <span class='ocrx_word' id='word_1_76' title='bbox 1395 1066 1466 1131; x_wconf 89' lang='grc'><strong>238.</strong></span> <span class='ocrx_word' id='word_1_77' title='bbox 1509 1057 1585 1150; x_wconf 64' lang='lat' dir='ltr'><strong>apid</strong></span> <span class='ocrx_word' id='word_1_78' title='bbox 1603 1067 1714 1151; x_wconf 73' lang='lat' dir='ltr'><strong>predas</strong></span> 
     </span>
     <span class='ocr_line' id='line_1_8' title="bbox 252 1163 1823 1262; baseline 0 -30"><span class='ocrx_word' id='word_1_79' title='bbox 252 1167 331 1252; x_wconf 89' lang='lat' dir='ltr'><strong>(non</strong></span> <span class='ocrx_word' id='word_1_80' title='bbox 354 1166 449 1233; x_wconf 92' lang='lat' dir='ltr'><strong>credo</strong></span> <span class='ocrx_word' id='word_1_81' title='bbox 470 1163 545 1249; x_wconf 91' lang='lat' dir='ltr'><strong>tibi)</strong></span> <span class='ocrx_word' id='word_1_82' title='bbox 576 1167 603 1245; x_wconf 89' lang='lat'><strong>1,</strong></span> <span class='ocrx_word' id='word_1_83' title='bbox 625 1165 696 1230; x_wconf 90' lang='grc'><strong>240.</strong></span> <span class='ocrx_word' id='word_1_84' title='bbox 729 1165 877 1250; x_wconf 79' lang='lat' dir='ltr'><strong>peinana</strong></span> <span class='ocrx_word' id='word_1_85' title='bbox 896 1163 1079 1250; x_wconf 73' lang='lat' dir='ltr'><strong>popancwcb</strong></span> <span class='ocrx_word' id='word_1_86' title='bbox 1101 1164 1145 1227; x_wconf 77' lang='grc'><strong>511</strong></span> <span class='ocrx_word' id='word_1_87' title='bbox 1164 1165 1327 1250; x_wconf 74' lang='lat' dir='ltr'><strong>appeltam</strong></span> <span class='ocrx_word' id='word_1_88' title='bbox 1349 1167 1393 1251; x_wconf 91' lang='lat' dir='ltr'><strong>(si</strong></span> <span class='ocrx_word' id='word_1_89' title='bbox 1414 1190 1465 1232; x_wconf 87' lang='lat' dir='ltr'><strong>me</strong></span> <span class='ocrx_word' id='word_1_90' title='bbox 1485 1191 1551 1234; x_wconf 89' lang='lat' dir='ltr'><strong>non</strong></span> <span class='ocrx_word' id='word_1_91' title='bbox 1572 1167 1709 1248; x_wconf 89' lang='lat' dir='ltr'><strong>turbetis,</strong></span> <span class='ocrx_word' id='word_1_92' title='bbox 1822 1189 1823 1262; x_wconf 51' lang='lat'><strong>,</strong></span> 
     </span>
    </p>
   </div>
   <div class='ocr_carea' id='block_1_3' title="bbox 251 1263 1823 1355">
    <p class='ocr_par' dir='ltr' id='par_1_3' title="bbox 251 1263 1823 1355">
     <span class='ocr_line' id='line_1_9' title="bbox 251 1263 1823 1355; baseline -0.001 -20"><span class='ocrx_word' id='word_1_93' title='bbox 251 1292 310 1355; x_wconf 86' lang='lat' dir='ltr'><strong>ego</strong></span> <span class='ocrx_word' id='word_1_94' title='bbox 333 1267 504 1351; x_wconf 78' lang='lat' dir='ltr'><strong>dormiam)</strong></span> <span class='ocrx_word' id='word_1_95' title='bbox 530 1266 603 1348; x_wconf 87' lang='grc'><strong>1,2.</strong></span> <span class='ocrx_word' id='word_1_96' title='bbox 648 1263 771 1332; x_wconf 80' lang='lat' dir='ltr'><strong>Contra</strong></span> <span class='ocrx_word' id='word_1_97' title='bbox 791 1273 866 1350; x_wconf 86' lang='lat' dir='ltr'><strong>poet</strong></span> <span class='ocrx_word' id='word_1_98' title='bbox 886 1264 1130 1332; x_wconf 87' lang='lat' dir='ltr'><strong>coniunctiones</strong></span> <span class='ocrx_word' id='word_1_99' title='bbox 1149 1289 1229 1352; x_wconf 82' lang='lat' dir='ltr'><strong>poa,</strong></span> <span class='ocrx_word' id='word_1_100' title='bbox 1246 1271 1302 1353; x_wconf 80' lang='lat' dir='ltr'><strong>pei</strong></span> <span class='ocrx_word' id='word_1_101' title='bbox 1321 1280 1474 1336; x_wconf 87' lang='lat' dir='ltr'><strong>secuntur</strong></span> <span class='ocrx_word' id='word_1_102' title='bbox 1493 1270 1567 1355; x_wconf 73' lang='lat' dir='ltr'><strong>ped,</strong></span> <span class='ocrx_word' id='word_1_103' title='bbox 1591 1271 1659 1350; x_wconf 76' lang='grc'><strong>521,</strong></span> <span class='ocrx_word' id='word_1_104' title='bbox 1679 1293 1711 1334; x_wconf 79' lang='lat' dir='ltr'><strong>aa</strong></span> <span class='ocrx_word' id='word_1_105' title='bbox 1819 1277 1823 1350; x_wconf 42' lang='grc' dir='ltr'><strong>«ζ</strong></span> 
     </span>
    </p>
   </div>
   <div class='ocr_carea' id='block_1_4' title="bbox 251 1368 1709 1557">
    <p class='ocr_par' dir='ltr' id='par_1_4' title="bbox 251 1368 1709 1557">
     <span class='ocr_line' id='line_1_10' title="bbox 251 1368 808 1458; baseline -0.007 -22"><span class='ocrx_word' id='word_1_106' title='bbox 251 1370 285 1436; x_wconf 92' lang='lat' dir='ltr'><strong>in</strong></span> <span class='ocrx_word' id='word_1_107' title='bbox 307 1369 464 1458; x_wconf 85' lang='lat' dir='ltr'><strong>exemplis</strong></span> <span class='ocrx_word' id='word_1_108' title='bbox 488 1389 585 1454; x_wconf 89' lang='lat' dir='ltr'><strong>supra</strong></span> <span class='ocrx_word' id='word_1_109' title='bbox 606 1368 808 1434; x_wconf 87' lang='lat' dir='ltr'><strong>enumeratis.</strong></span> 
     </span>
     <span class='ocr_line' id='line_1_11' title="bbox 333 1469 1709 1557; baseline 0 -17"><span class='ocrx_word' id='word_1_110' title='bbox 333 1471 400 1541; x_wconf 85' lang='lat' dir='ltr'><strong>Sed</strong></span> <span class='ocrx_word' id='word_1_111' title='bbox 421 1469 503 1536; x_wconf 88' lang='lat' dir='ltr'><strong>alius</strong></span> <span class='ocrx_word' id='word_1_112' title='bbox 527 1491 653 1556; x_wconf 88' lang='lat' dir='ltr'><strong>quoque</strong></span> <span class='ocrx_word' id='word_1_113' title='bbox 668 1469 828 1545; x_wconf 86' lang='lat' dir='ltr'><strong>interdum</strong></span> <span class='ocrx_word' id='word_1_114' title='bbox 843 1469 1029 1536; x_wconf 87' lang='lat' dir='ltr'><strong>exciderunt</strong></span> <span class='ocrx_word' id='word_1_115' title='bbox 1051 1471 1227 1557; x_wconf 75' lang='lat' dir='ltr'><strong>particulae</strong></span> <span class='ocrx_word' id='word_1_116' title='bbox 1243 1475 1398 1542; x_wconf 83' lang='lat' dir='ltr'><strong>verbales.</strong></span> <span class='ocrx_word' id='word_1_117' title='bbox 1443 1473 1489 1540; x_wconf 89' lang='lat' dir='ltr'><strong>Ut</strong></span> <span class='ocrx_word' id='word_1_118' title='bbox 1503 1477 1534 1540; x_wconf 82' lang='lat' dir='ltr'>A</span> <span class='ocrx_word' id='word_1_119' title='bbox 1556 1483 1629 1540; x_wconf 83' lang='lat' dir='ltr'><strong>ante</strong></span> <span class='ocrx_word' id='word_1_120' title='bbox 1645 1499 1709 1540; x_wconf 86' lang='lat' dir='ltr'><strong>ver·</strong></span> 
     </span>
    </p>
   </div>
   <div class='ocr_carea' id='block_1_5' title="bbox 250 1570 1710 1762">
    <p class='ocr_par' dir='ltr' id='par_1_5' title="bbox 250 1570 1710 1762">
     <span class='ocr_line' id='line_1_12' title="bbox 250 1570 1710 1663; baseline 0 -22"><span class='ocrx_word' id='word_1_121' title='bbox 250 1576 324 1641; x_wconf 90' lang='lat' dir='ltr'><strong>bum</strong></span> <span class='ocrx_word' id='word_1_122' title='bbox 346 1572 582 1640; x_wconf 84' lang='lat' dir='ltr'><strong>substantivum</strong></span> <span class='ocrx_word' id='word_1_123' title='bbox 604 1581 636 1638; x_wconf 89' lang='lat' dir='ltr'><strong>et</strong></span> <span class='ocrx_word' id='word_1_124' title='bbox 656 1570 726 1638; x_wconf 88' lang='lat' dir='ltr'><strong>eiua</strong></span> <span class='ocrx_word' id='word_1_125' title='bbox 749 1571 935 1658; x_wconf 90' lang='lat' dir='ltr'><strong>composita,</strong></span> <span class='ocrx_word' id='word_1_126' title='bbox 958 1581 1112 1658; x_wconf 87' lang='lat' dir='ltr'><strong>perpetua</strong></span> <span class='ocrx_word' id='word_1_127' title='bbox 1134 1577 1373 1659; x_wconf 85' lang='lat' dir='ltr'><strong>consuetudine,</strong></span> <span class='ocrx_word' id='word_1_128' title='bbox 1397 1577 1426 1644; x_wconf 95' lang='lat' dir='ltr'><strong>si</strong></span> <span class='ocrx_word' id='word_1_129' title='bbox 1440 1577 1605 1663; x_wconf 87' lang='lat' dir='ltr'><strong>praeeedit</strong></span> <span class='ocrx_word' id='word_1_130' title='bbox 1624 1599 1710 1662; x_wconf 89' lang='lat' dir='ltr'><strong>prae-</strong></span> 
     </span>
     <span class='ocr_line' id='line_1_13' title="bbox 250 1672 1710 1762; baseline 0 -21"><span class='ocrx_word' id='word_1_131' title='bbox 250 1676 401 1742; x_wconf 87' lang='lat' dir='ltr'><strong>dicatum:</strong></span> <span class='ocrx_word' id='word_1_132' title='bbox 428 1675 511 1739; x_wconf 82' lang='grc'><strong>15551</strong></span> <span class='ocrx_word' id='word_1_133' title='bbox 530 1673 600 1758; x_wconf 68' lang='lat' dir='ltr'><strong>wyri</strong></span> <span class='ocrx_word' id='word_1_134' title='bbox 620 1672 761 1756; x_wconf 82' lang='lat' dir='ltr'><strong>(Lunata</strong></span> <span class='ocrx_word' id='word_1_135' title='bbox 781 1696 840 1759; x_wconf 84' lang='lat' dir='ltr'><strong>ego</strong></span> <span class='ocrx_word' id='word_1_136' title='bbox 864 1674 948 1759; x_wconf 89' lang='lat' dir='ltr'><strong>snm)</strong></span> <span class='ocrx_word' id='word_1_137' title='bbox 971 1672 1058 1739; x_wconf 84' lang='lat' dir='ltr'><strong>Mab.</strong></span> <span class='ocrx_word' id='word_1_138' title='bbox 1077 1679 1103 1757; x_wconf 95' lang='grc'><strong>1,</strong></span> <span class='ocrx_word' id='word_1_139' title='bbox 1120 1676 1170 1740; x_wconf 88' lang='lat'><strong>31.</strong></span> <span class='ocrx_word' id='word_1_140' title='bbox 1202 1677 1277 1742; x_wconf 81' lang='grc'><strong>15515</strong></span> <span class='ocrx_word' id='word_1_141' title='bbox 1298 1677 1355 1743; x_wconf 85' lang='lat' dir='ltr'><strong>ced</strong></span> <span class='ocrx_word' id='word_1_142' title='bbox 1375 1677 1467 1762; x_wconf 85' lang='lat' dir='ltr'><strong>(vero</strong></span> <span class='ocrx_word' id='word_1_143' title='bbox 1489 1678 1595 1744; x_wconf 84' lang='lat' dir='ltr'><strong>simile</strong></span> <span class='ocrx_word' id='word_1_144' title='bbox 1615 1677 1710 1760; x_wconf 84' lang='lat' dir='ltr'><strong>esset)</strong></span> 
     </span>
    </p>
   </div>
   <div class='ocr_carea' id='block_1_6' title="bbox 142 1765 1710 1863">
    <p class='ocr_par' dir='ltr' id='par_1_6' title="bbox 142 1765 1710 1863">
     <span class='ocr_line' id='line_1_14' title="bbox 142 1765 1710 1863; baseline 0 -22"><span class='ocrx_word' id='word_1_145' title='bbox 142 1765 145 1780; x_wconf 62' lang='lat'><strong>¹</strong></span> <span class='ocrx_word' id='word_1_146' title='bbox 252 1780 279 1858; x_wconf 93' lang='lat'><strong>1,</strong></span> <span class='ocrx_word' id='word_1_147' title='bbox 296 1779 368 1841; x_wconf 81' lang='grc'><strong>241.</strong></span> <span class='ocrx_word' id='word_1_148' title='bbox 394 1776 538 1862; x_wconf 59' lang='grc'><strong>15555511555</strong></span> <span class='ocrx_word' id='word_1_149' title='bbox 558 1798 635 1840; x_wconf 83' lang='lat' dir='ltr'><strong>uum</strong></span> <span class='ocrx_word' id='word_1_150' title='bbox 655 1779 669 1840; x_wconf 79' lang='lat' dir='ltr'><strong><em>i</em></strong></span> <span class='ocrx_word' id='word_1_151' title='bbox 689 1774 858 1860; x_wconf 88' lang='lat' dir='ltr'><strong>(spoliator</strong></span> <span class='ocrx_word' id='word_1_152' title='bbox 871 1774 933 1861; x_wconf 84' lang='grc'><strong>151)</strong></span> <span class='ocrx_word' id='word_1_153' title='bbox 952 1778 978 1858; x_wconf 89' lang='lat' dir='ltr'><strong>l,</strong></span> <span class='ocrx_word' id='word_1_154' title='bbox 1004 1779 1053 1842; x_wconf 78' lang='lat'><strong>37.</strong></span> <span class='ocrx_word' id='word_1_155' title='bbox 1081 1777 1190 1842; x_wconf 82' lang='lat' dir='ltr'><strong>llawen</strong></span> <span class='ocrx_word' id='word_1_156' title='bbox 1211 1791 1311 1843; x_wconf 77' lang='lat' dir='ltr'><strong>coarat</strong></span> <span class='ocrx_word' id='word_1_157' title='bbox 1331 1778 1421 1863; x_wconf 87' lang='grc'><strong>(15511</strong></span> <span class='ocrx_word' id='word_1_158' title='bbox 1435 1779 1576 1862; x_wconf 82' lang='lat' dir='ltr'><strong>fuerunt)</strong></span> <span class='ocrx_word' id='word_1_159' title='bbox 1602 1781 1627 1860; x_wconf 93' lang='lat' dir='ltr'><strong>l,</strong></span> <span class='ocrx_word' id='word_1_160' title='bbox 1643 1779 1710 1842; x_wconf 88' lang='grc'><strong>262.</strong></span> 
     </span>
    </p>
   </div>
   <div class='ocr_carea' id='block_1_7' title="bbox 248 1877 1708 2270">
    <p class='ocr_par' dir='ltr' id='par_1_7' title="bbox 248 1877 1708 2270">
     <span class='ocr_line' id='line_1_15' title="bbox 251 1877 1708 1966; baseline 0.004 -26"><span class='ocrx_word' id='word_1_161' title='bbox 251 1879 418 1944; x_wconf 79' lang='grc'><strong>1155555555</strong></span> <span class='ocrx_word' id='word_1_162' title='bbox 446 1889 554 1962; x_wconf 77' lang='lat' dir='ltr'><strong>uuwyt</strong></span> <span class='ocrx_word' id='word_1_163' title='bbox 578 1900 600 1963; x_wconf 79' lang='lat' dir='ltr'><strong><em>y</em></strong></span> <span class='ocrx_word' id='word_1_164' title='bbox 627 1897 682 1940; x_wconf 86' lang='grc'><strong>555</strong></span> <span class='ocrx_word' id='word_1_165' title='bbox 702 1877 801 1940; x_wconf 82' lang='grc'><strong>55555</strong></span> <span class='ocrx_word' id='word_1_166' title='bbox 828 1899 886 1940; x_wconf 78' lang='lat' dir='ltr'><strong>nor</strong></span> <span class='ocrx_word' id='word_1_167' title='bbox 907 1889 1058 1964; x_wconf 59' lang='grc'><strong>55593551</strong></span> <span class='ocrx_word' id='word_1_168' title='bbox 1086 1877 1252 1964; x_wconf 88' lang='lat' dir='ltr'><strong>(laetiores</strong></span> <span class='ocrx_word' id='word_1_169' title='bbox 1273 1881 1400 1945; x_wconf 81' lang='lat' dir='ltr'><strong>luerunt</strong></span> <span class='ocrx_word' id='word_1_170' title='bbox 1426 1881 1487 1946; x_wconf 89' lang='lat' dir='ltr'><strong>hac</strong></span> <span class='ocrx_word' id='word_1_171' title='bbox 1506 1891 1601 1946; x_wconf 88' lang='lat' dir='ltr'><strong>nocte</strong></span> <span class='ocrx_word' id='word_1_172' title='bbox 1623 1902 1708 1966; x_wconf 89' lang='lat' dir='ltr'><strong>quarn</strong></span> 
     </span>
     <span class='ocr_line' id='line_1_16' title="bbox 248 1978 1707 2069; baseline 0.001 -23"><span class='ocrx_word' id='word_1_173' title='bbox 248 1989 342 2046; x_wconf 88' lang='lat' dir='ltr'><strong>nocte</strong></span> <span class='ocrx_word' id='word_1_174' title='bbox 365 1979 543 2066; x_wconf 89' lang='lat' dir='ltr'><strong>superiore)</strong></span> <span class='ocrx_word' id='word_1_175' title='bbox 568 1980 662 2060; x_wconf 94' lang='grc'><strong>1,10.</strong></span> <span class='ocrx_word' id='word_1_176' title='bbox 689 2000 755 2064; x_wconf 69' lang='lat' dir='ltr'><strong>pror</strong></span> <span class='ocrx_word' id='word_1_177' title='bbox 775 1978 859 2041; x_wconf 77' lang='grc'><strong>151555</strong></span> <span class='ocrx_word' id='word_1_178' title='bbox 881 1979 985 2062; x_wconf 74' lang='lat' dir='ltr'><strong>cydaf</strong></span> <span class='ocrx_word' id='word_1_179' title='bbox 1001 1979 1157 2063; x_wconf 84' lang='lat' dir='ltr'><strong>(vasallus</strong></span> <span class='ocrx_word' id='word_1_180' title='bbox 1180 1981 1302 2066; x_wconf 86' lang='lat' dir='ltr'><strong>ciero)</strong></span> <span class='ocrx_word' id='word_1_181' title='bbox 1333 1982 1454 2064; x_wconf 83' lang='grc'><strong>1,248;</strong></span> <span class='ocrx_word' id='word_1_182' title='bbox 1485 1983 1616 2069; x_wconf 89' lang='lat' dir='ltr'><strong>ancipiti</strong></span> <span class='ocrx_word' id='word_1_183' title='bbox 1645 2005 1707 2060; x_wconf 85' lang='lat' dir='ltr'><strong>usu,</strong></span> 
     </span>
     <span class='ocr_line' id='line_1_17' title="bbox 251 2079 1707 2170; baseline 0.001 -24"><span class='ocrx_word' id='word_1_184' title='bbox 251 2082 277 2146; x_wconf 93' lang='grc'><strong>51</strong></span> <span class='ocrx_word' id='word_1_185' title='bbox 301 2081 479 2147; x_wconf 89' lang='lat' dir='ltr'><strong>subiectum</strong></span> <span class='ocrx_word' id='word_1_186' title='bbox 501 2079 674 2160; x_wconf 78' lang='lat' dir='ltr'><strong>antecedit,</strong></span> <span class='ocrx_word' id='word_1_187' title='bbox 703 2087 737 2143; x_wconf 92' lang='lat' dir='ltr'><strong>ut</strong></span> <span class='ocrx_word' id='word_1_188' title='bbox 758 2081 803 2142; x_wconf 83' lang='lat' dir='ltr'><strong>mi</strong></span> <span class='ocrx_word' id='word_1_189' title='bbox 820 2102 870 2164; x_wconf 75' lang='lat' dir='ltr'><strong>yw</strong></span> <span class='ocrx_word' id='word_1_190' title='bbox 888 2101 910 2164; x_wconf 73' lang='lat' dir='ltr'><strong><em>y</em></strong></span> <span class='ocrx_word' id='word_1_191' title='bbox 934 2079 1060 2145; x_wconf 74' lang='lat' dir='ltr'><strong>brontia</strong></span> <span class='ocrx_word' id='word_1_192' title='bbox 1083 2081 1201 2166; x_wconf 79' lang='lat' dir='ltr'><strong>bpebun</strong></span> <span class='ocrx_word' id='word_1_193' title='bbox 1222 2081 1298 2168; x_wconf 79' lang='lat' dir='ltr'><strong>(ego</strong></span> <span class='ocrx_word' id='word_1_194' title='bbox 1319 2105 1388 2148; x_wconf 90' lang='lat' dir='ltr'><strong>sum</strong></span> <span class='ocrx_word' id='word_1_195' title='bbox 1408 2105 1466 2148; x_wconf 83' lang='lat' dir='ltr'><strong>rex</strong></span> <span class='ocrx_word' id='word_1_196' title='bbox 1480 2084 1613 2170; x_wconf 82' lang='lat' dir='ltr'><strong>parvus)</strong></span> <span class='ocrx_word' id='word_1_197' title='bbox 1628 2083 1707 2149; x_wconf 84' lang='lat' dir='ltr'><strong>blab.</strong></span> 
     </span>
     <span class='ocr_line' id='line_1_18' title="bbox 250 2181 1708 2270; baseline 0 -24"><span class='ocrx_word' id='word_1_198' title='bbox 250 2185 279 2265; x_wconf 93' lang='grc'><strong>2,</strong></span> <span class='ocrx_word' id='word_1_199' title='bbox 296 2185 348 2264; x_wconf 90' lang='grc'><strong>61,</strong></span> <span class='ocrx_word' id='word_1_200' title='bbox 372 2182 430 2248; x_wconf 88' lang='lat' dir='ltr'><strong>sed</strong></span> <span class='ocrx_word' id='word_1_201' title='bbox 451 2181 486 2247; x_wconf 91' lang='lat' dir='ltr'><strong>iu</strong></span> <span class='ocrx_word' id='word_1_202' title='bbox 505 2204 568 2246; x_wconf 89' lang='lat' dir='ltr'><strong>uno</strong></span> <span class='ocrx_word' id='word_1_203' title='bbox 590 2181 766 2266; x_wconf 86' lang='lat' dir='ltr'><strong>eodemque</strong></span> <span class='ocrx_word' id='word_1_204' title='bbox 780 2181 867 2246; x_wconf 88' lang='lat' dir='ltr'><strong>loco:</strong></span> <span class='ocrx_word' id='word_1_205' title='bbox 890 2182 972 2246; x_wconf 76' lang='lat' dir='ltr'><strong>draca</strong></span> <span class='ocrx_word' id='word_1_206' title='bbox 990 2205 1012 2268; x_wconf 74' lang='lat' dir='ltr'><strong><em>y</em></strong></span> <span class='ocrx_word' id='word_1_207' title='bbox 1029 2183 1133 2268; x_wconf 77' lang='lat' dir='ltr'><strong>pcbyll</strong></span> <span class='ocrx_word' id='word_1_208' title='bbox 1154 2186 1230 2248; x_wconf 86' lang='lat' dir='ltr'><strong>uoed</strong></span> <span class='ocrx_word' id='word_1_209' title='bbox 1248 2207 1291 2270; x_wconf 76' lang='lat' dir='ltr'><strong>yn</strong></span> <span class='ocrx_word' id='word_1_210' title='bbox 1313 2196 1426 2270; x_wconf 76' lang='grc'><strong>595551.</strong></span> <span class='ocrx_word' id='word_1_211' title='bbox 1456 2187 1603 2250; x_wconf 76' lang='grc'><strong>5515551515</strong></span> <span class='ocrx_word' id='word_1_212' title='bbox 1622 2188 1708 2248; x_wconf 73' lang='lat' dir='ltr'><strong>enred</strong></span> 
     </span>
    </p>
   </div>
   <div class='ocr_carea' id='block_1_8' title="bbox 249 2281 1707 2468">
    <p class='ocr_par' dir='ltr' id='par_1_8' title="bbox 249 2281 1707 2468">
     <span class='ocr_line' id='line_1_19' title="bbox 249 2281 1707 2468; baseline 0.003 -121"><span class='ocrx_word' id='word_1_213' title='bbox 249 2285 306 2347; x_wconf 85' lang='lat' dir='ltr'><strong>ced</strong></span> <span class='ocrx_word' id='word_1_214' title='bbox 314 2305 368 2468; x_wconf 56' lang='lat' dir='ltr'><strong>pn</strong></span> <span class='ocrx_word' id='word_1_215' title='bbox 389 2305 462 2449; x_wconf 64' lang='lat' dir='ltr'><strong>02ch</strong></span> <span class='ocrx_word' id='word_1_216' title='bbox 482 2304 522 2368; x_wconf 74' lang='lat' dir='ltr'><strong>pr</strong></span> <span class='ocrx_word' id='word_1_217' title='bbox 544 2283 625 2346; x_wconf 80' lang='grc'><strong>51555</strong></span> <span class='ocrx_word' id='word_1_218' title='bbox 647 2281 756 2368; x_wconf 88' lang='lat' dir='ltr'><strong>(porta</strong></span> <span class='ocrx_word' id='word_1_219' title='bbox 775 2282 904 2347; x_wconf 88' lang='lat' dir='ltr'><strong>tentorii</strong></span> <span class='ocrx_word' id='word_1_220' title='bbox 926 2293 995 2350; x_wconf 89' lang='lat' dir='ltr'><strong>erat</strong></span> <span class='ocrx_word' id='word_1_221' title='bbox 1016 2295 1139 2371; x_wconf 88' lang='lat' dir='ltr'><strong>aperta,</strong></span> <span class='ocrx_word' id='word_1_222' title='bbox 1163 2295 1195 2351; x_wconf 86' lang='lat' dir='ltr'><strong>ct</strong></span> <span class='ocrx_word' id='word_1_223' title='bbox 1216 2286 1296 2351; x_wconf 88' lang='lat' dir='ltr'><strong>sella</strong></span> <span class='ocrx_word' id='word_1_224' title='bbox 1317 2308 1414 2352; x_wconf 85' lang='lat' dir='ltr'><strong>aurea</strong></span> <span class='ocrx_word' id='word_1_225' title='bbox 1435 2297 1503 2352; x_wconf 91' lang='lat' dir='ltr'><strong>erat</strong></span> <span class='ocrx_word' id='word_1_226' title='bbox 1523 2309 1621 2373; x_wconf 90' lang='lat' dir='ltr'><strong>prope</strong></span> <span class='ocrx_word' id='word_1_227' title='bbox 1641 2309 1707 2372; x_wconf 90' lang='lat' dir='ltr'><strong>por·</strong></span> 
     </span>
     <span class='ocr_line' id='line_1_20' title="bbox 249 2387 469 2466; baseline 0 -18"><span class='ocrx_word' id='word_1_228' title='bbox 249 2392 313 2449; x_wconf 90' lang='lat' dir='ltr'><strong>tam</strong></span> <span class='ocrx_word' id='word_1_229' title='bbox 353 2387 382 2466; x_wconf 94' lang='lat' dir='ltr'><strong>l,</strong></span> <span class='ocrx_word' id='word_1_230' title='bbox 462 2434 469 2448; x_wconf 91' lang='lat'><strong>.</strong></span> 
     </span>
    </p>
   </div>
   <div class='ocr_carea' id='block_1_9' title="bbox 246 2459 1704 3594">
    <p class='ocr_par' dir='ltr' id='par_1_9' title="bbox 246 2459 1704 3594">
     <span class='ocr_line' id='line_1_21' title="bbox 336 2459 1704 2575; baseline 0.003 -25"><span class='ocrx_word' id='word_1_231' title='bbox 336 2483 497 2551; x_wconf 87' lang='lat' dir='ltr'><strong>Particula</strong></span> <span class='ocrx_word' id='word_1_232' title='bbox 517 2483 581 2549; x_wconf 91' lang='lat' dir='ltr'><strong>YD</strong></span> <span class='ocrx_word' id='word_1_233' title='bbox 604 2487 803 2572; x_wconf 86' lang='lat' dir='ltr'><strong>scmper,-ni</strong></span> <span class='ocrx_word' id='word_1_234' title='bbox 823 2487 975 2570; x_wconf 84' lang='lat' dir='ltr'><strong>fallimur,</strong></span> <span class='ocrx_word' id='word_1_235' title='bbox 999 2490 1091 2554; x_wconf 85' lang='lat' dir='ltr'><strong>abest</strong></span> <span class='ocrx_word' id='word_1_236' title='bbox 1112 2512 1133 2555; x_wconf 90' lang='lat' dir='ltr'><strong>a</strong></span> <span class='ocrx_word' id='word_1_237' title='bbox 1154 2459 1327 2555; x_wconf 50' lang='lat' dir='ltr'><strong>sententiis.</strong></span> <span class='ocrx_word' id='word_1_238' title='bbox 1344 2488 1500 2570; x_wconf 87' lang='lat' dir='ltr'><strong>concisis,</strong></span> <span class='ocrx_word' id='word_1_239' title='bbox 1529 2487 1704 2575; x_wconf 86' lang='lat' dir='ltr'><strong>praesertin</strong></span> 
     </span>
     <span class='ocr_line' id='line_1_22' title="bbox 249 2585 1704 2676; baseline 0.001 -25"><span class='ocrx_word' id='word_1_240' title='bbox 249 2587 365 2672; x_wconf 88' lang='lat' dir='ltr'><strong>quibus</strong></span> <span class='ocrx_word' id='word_1_241' title='bbox 392 2585 611 2672; x_wconf 82' lang='lat' dir='ltr'><strong>respondeant</strong></span> <span class='ocrx_word' id='word_1_242' title='bbox 634 2585 779 2655; x_wconf 82' lang='lat' dir='ltr'><strong>homines</strong></span> <span class='ocrx_word' id='word_1_243' title='bbox 800 2589 987 2676; x_wconf 83' lang='lat' dir='ltr'><strong>interrogati</strong></span> <span class='ocrx_word' id='word_1_244' title='bbox 1014 2592 1066 2657; x_wconf 83' lang='lat' dir='ltr'><strong>vel</strong></span> <span class='ocrx_word' id='word_1_245' title='bbox 1085 2591 1179 2656; x_wconf 85' lang='lat' dir='ltr'><strong>iussi:</strong></span> <span class='ocrx_word' id='word_1_246' title='bbox 1214 2611 1270 2674; x_wconf 77' lang='lat' dir='ltr'><strong>acy</strong></span> <span class='ocrx_word' id='word_1_247' title='bbox 1290 2592 1343 2655; x_wconf 80' lang='lat' dir='ltr'><strong>di.</strong></span> <span class='ocrx_word' id='word_1_248' title='bbox 1358 2640 1387 2656; x_wconf 91' lang='lat'><strong>..</strong></span> <span class='ocrx_word' id='word_1_249' title='bbox 1412 2593 1453 2673; x_wconf 88' lang='lat' dir='ltr'><strong>af</strong></span> <span class='ocrx_word' id='word_1_250' title='bbox 1467 2591 1522 2654; x_wconf 88' lang='grc'><strong>155</strong></span> <span class='ocrx_word' id='word_1_251' title='bbox 1547 2611 1704 2672; x_wconf 77' lang='lat' dir='ltr'><strong>paorwya</strong></span> 
     </span>
     <span class='ocr_line' id='line_1_23' title="bbox 249 2685 1703 2780; baseline 0 -28"><span class='ocrx_word' id='word_1_252' title='bbox 249 2687 371 2771; x_wconf 88' lang='lat' dir='ltr'><strong>(ibisne</strong></span> <span class='ocrx_word' id='word_1_253' title='bbox 386 2685 444 2753; x_wconf 79' lang='lat' dir='ltr'><strong>tul</strong></span> <span class='ocrx_word' id='word_1_254' title='bbox 465 2686 535 2770; x_wconf 92' lang='lat' dir='ltr'><strong>Ibo,</strong></span> <span class='ocrx_word' id='word_1_255' title='bbox 550 2687 654 2773; x_wconf 90' lang='lat' dir='ltr'><strong>inquit</strong></span> <span class='ocrx_word' id='word_1_256' title='bbox 667 2690 790 2776; x_wconf 90' lang='lat' dir='ltr'><strong>puella)</strong></span> <span class='ocrx_word' id='word_1_257' title='bbox 804 2689 892 2758; x_wconf 88' lang='lat' dir='ltr'><strong>Mab.</strong></span> <span class='ocrx_word' id='word_1_258' title='bbox 910 2696 938 2776; x_wconf 92' lang='lat'><strong>1,</strong></span> <span class='ocrx_word' id='word_1_259' title='bbox 955 2694 1005 2759; x_wconf 90' lang='grc'><strong>29.</strong></span> <span class='ocrx_word' id='word_1_260' title='bbox 1034 2719 1054 2758; x_wconf 86' lang='lat' dir='ltr'><strong>a</strong></span> <span class='ocrx_word' id='word_1_261' title='bbox 1070 2693 1141 2780; x_wconf 77' lang='lat' dir='ltr'><strong>terp</strong></span> <span class='ocrx_word' id='word_1_262' title='bbox 1156 2695 1209 2758; x_wconf 79' lang='lat' dir='ltr'><strong>dl.</strong></span> <span class='ocrx_word' id='word_1_263' title='bbox 1223 2744 1230 2758; x_wconf 97' lang='lat'><strong>.</strong></span> <span class='ocrx_word' id='word_1_264' title='bbox 1244 2693 1365 2779; x_wconf 77' lang='lat' dir='ltr'><strong>,parus</strong></span> <span class='ocrx_word' id='word_1_265' title='bbox 1380 2689 1459 2777; x_wconf 76' lang='lat' dir='ltr'><strong>yrosi</strong></span> <span class='ocrx_word' id='word_1_266' title='bbox 1476 2715 1496 2754; x_wconf 84' lang='lat' dir='ltr'><strong>a</strong></span> <span class='ocrx_word' id='word_1_267' title='bbox 1511 2691 1582 2754; x_wconf 73' lang='grc'><strong>(1555</strong></span> <span class='ocrx_word' id='word_1_268' title='bbox 1603 2711 1633 2754; x_wconf 80' lang='lat' dir='ltr'><strong>os</strong></span> <span class='ocrx_word' id='word_1_269' title='bbox 1643 2689 1703 2774; x_wconf 79' lang='lat' dir='ltr'><strong>pul·</strong></span> 
     </span>
     <span class='ocr_line' id='line_1_24' title="bbox 249 2787 1702 2882; baseline -0.001 -28"><span class='ocrx_word' id='word_1_270' title='bbox 249 2789 303 2872; x_wconf 77' lang='lat' dir='ltr'><strong>lcf</strong></span> <span class='ocrx_word' id='word_1_271' title='bbox 317 2788 473 2872; x_wconf 73' lang='grc' dir='ltr'><strong>ι55115555</strong></span> <span class='ocrx_word' id='word_1_272' title='bbox 493 2787 679 2877; x_wconf 86' lang='lat' dir='ltr'><strong>(parabiane</strong></span> <span class='ocrx_word' id='word_1_273' title='bbox 694 2793 750 2859; x_wconf 82' lang='lat' dir='ltr'><strong>tu?</strong></span> <span class='ocrx_word' id='word_1_274' title='bbox 775 2793 902 2861; x_wconf 87' lang='lat' dir='ltr'><strong>Parabo</strong></span> <span class='ocrx_word' id='word_1_275' title='bbox 923 2817 981 2882; x_wconf 89' lang='lat' dir='ltr'><strong>per</strong></span> <span class='ocrx_word' id='word_1_276' title='bbox 996 2819 1045 2862; x_wconf 90' lang='lat' dir='ltr'><strong>me</strong></span> <span class='ocrx_word' id='word_1_277' title='bbox 1068 2807 1100 2862; x_wconf 90' lang='lat' dir='ltr'><strong>et</strong></span> <span class='ocrx_word' id='word_1_278' title='bbox 1114 2796 1216 2877; x_wconf 89' lang='lat' dir='ltr'><strong>deum,</strong></span> <span class='ocrx_word' id='word_1_279' title='bbox 1241 2795 1269 2862; x_wconf 89' lang='lat' dir='ltr'><strong>si</strong></span> <span class='ocrx_word' id='word_1_280' title='bbox 1289 2803 1410 2881; x_wconf 90' lang='lat' dir='ltr'><strong>potero,</strong></span> <span class='ocrx_word' id='word_1_281' title='bbox 1432 2793 1583 2877; x_wconf 86' lang='lat' dir='ltr'><strong>libenter)</strong></span> <span class='ocrx_word' id='word_1_282' title='bbox 1601 2795 1626 2871; x_wconf 94' lang='grc'><strong>1,</strong></span> <span class='ocrx_word' id='word_1_283' title='bbox 1641 2791 1702 2854; x_wconf 92' lang='grc'><strong>264.</strong></span> 
     </span>
     <span class='ocr_line' id='line_1_25' title="bbox 250 2889 1702 2984; baseline 0.003 -32"><span class='ocrx_word' id='word_1_284' title='bbox 250 2889 335 2974; x_wconf 76' lang='lat' dir='ltr'><strong>cpcfi</strong></span> <span class='ocrx_word' id='word_1_285' title='bbox 353 2902 467 2976; x_wconf 77' lang='lat' dir='ltr'><strong>pennyt</strong></span> <span class='ocrx_word' id='word_1_286' title='bbox 489 2893 515 2955; x_wconf 79' lang='lat' dir='ltr'><strong>a·</strong></span> <span class='ocrx_word' id='word_1_287' title='bbox 532 2907 665 2976; x_wconf 76' lang='grc'><strong>955551.</strong></span> <span class='ocrx_word' id='word_1_288' title='bbox 678 2947 685 2960; x_wconf 95' lang='grc'><strong>.</strong></span> <span class='ocrx_word' id='word_1_289' title='bbox 697 2944 705 2958; x_wconf 93' lang='grc'><strong>.</strong></span> <span class='ocrx_word' id='word_1_290' title='bbox 717 2896 795 2982; x_wconf 79' lang='lat' dir='ltr'><strong>keffy</strong></span> <span class='ocrx_word' id='word_1_291' title='bbox 808 2919 851 2981; x_wconf 77' lang='lat' dir='ltr'><strong>yn</strong></span> <span class='ocrx_word' id='word_1_292' title='bbox 866 2895 976 2962; x_wconf 83' lang='lat' dir='ltr'><strong>lluwcn</strong></span> <span class='ocrx_word' id='word_1_293' title='bbox 997 2897 1051 2962; x_wconf 89' lang='grc'><strong>555</strong></span> <span class='ocrx_word' id='word_1_294' title='bbox 1066 2899 1104 2984; x_wconf 84' lang='lat' dir='ltr'><strong>ef</strong></span> <span class='ocrx_word' id='word_1_295' title='bbox 1118 2896 1310 2983; x_wconf 87' lang='lat' dir='ltr'><strong>(impetrone</strong></span> <span class='ocrx_word' id='word_1_296' title='bbox 1325 2919 1385 2982; x_wconf 84' lang='lat' dir='ltr'><strong>ego</strong></span> <span class='ocrx_word' id='word_1_297' title='bbox 1406 2905 1472 2961; x_wconf 81' lang='lat' dir='ltr'><strong>ate</strong></span> <span class='ocrx_word' id='word_1_298' title='bbox 1486 2894 1630 2960; x_wconf 78' lang='lat' dir='ltr'><strong>veniam?</strong></span> <span class='ocrx_word' id='word_1_299' title='bbox 1649 2892 1702 2956; x_wconf 89' lang='lat' dir='ltr'><strong>lrn-</strong></span> 
     </span>
     <span class='ocr_line' id='line_1_26' title="bbox 251 2991 1703 3085; baseline 0.001 -27"><span class='ocrx_word' id='word_1_300' title='bbox 251 3001 360 3078; x_wconf 86' lang='lat' dir='ltr'><strong>petras</strong></span> <span class='ocrx_word' id='word_1_301' title='bbox 381 2991 527 3076; x_wconf 83' lang='lat' dir='ltr'><strong>libenter,</strong></span> <span class='ocrx_word' id='word_1_302' title='bbox 548 2995 653 3082; x_wconf 89' lang='lat' dir='ltr'><strong>inquit</strong></span> <span class='ocrx_word' id='word_1_303' title='bbox 671 2995 742 3082; x_wconf 92' lang='lat' dir='ltr'><strong>ille)</strong></span> <span class='ocrx_word' id='word_1_304' title='bbox 758 2999 787 3080; x_wconf 91' lang='grc'><strong>2,</strong></span> <span class='ocrx_word' id='word_1_305' title='bbox 801 3000 853 3062; x_wconf 89' lang='grc'><strong>45.</strong></span> <span class='ocrx_word' id='word_1_306' title='bbox 881 3021 902 3061; x_wconf 86' lang='grc'><strong>5</strong></span> <span class='ocrx_word' id='word_1_307' title='bbox 916 2999 1064 3064; x_wconf 63' lang='lat' dir='ltr'><strong>ctutum</strong></span> <span class='ocrx_word' id='word_1_308' title='bbox 1086 3000 1190 3064; x_wconf 79' lang='lat' dir='ltr'><strong>dowcb</strong></span> <span class='ocrx_word' id='word_1_309' title='bbox 1202 3021 1242 3085; x_wconf 70' lang='lat' dir='ltr'><strong>pr</strong></span> <span class='ocrx_word' id='word_1_310' title='bbox 1257 2999 1323 3084; x_wconf 75' lang='lat' dir='ltr'><strong>llys.</strong></span> <span class='ocrx_word' id='word_1_311' title='bbox 1346 3021 1416 3062; x_wconf 81' lang='grc'><strong>5155</strong></span> <span class='ocrx_word' id='word_1_312' title='bbox 1434 3021 1478 3083; x_wconf 80' lang='lat' dir='ltr'><strong>yn</strong></span> <span class='ocrx_word' id='word_1_313' title='bbox 1493 2997 1601 3061; x_wconf 80' lang='lat' dir='ltr'><strong>llcwea</strong></span> <span class='ocrx_word' id='word_1_314' title='bbox 1620 2995 1667 3060; x_wconf 87' lang='grc'><strong>555</strong></span> <span class='ocrx_word' id='word_1_315' title='bbox 1684 3015 1703 3077; x_wconf 74' lang='lat' dir='ltr'><strong>p</strong></span> 
     </span>
     <span class='ocr_line' id='line_1_27' title="bbox 246 3093 1701 3186; baseline 0.002 -29"><span class='ocrx_word' id='word_1_316' title='bbox 246 3097 366 3180; x_wconf 74' lang='lat' dir='ltr'><strong>perciet</strong></span> <span class='ocrx_word' id='word_1_317' title='bbox 388 3093 437 3178; x_wconf 89' lang='lat' dir='ltr'><strong>(et</strong></span> <span class='ocrx_word' id='word_1_318' title='bbox 457 3118 516 3162; x_wconf 86' lang='lat' dir='ltr'><strong>vos</strong></span> <span class='ocrx_word' id='word_1_319' title='bbox 537 3097 645 3164; x_wconf 86' lang='lat' dir='ltr'><strong>venite</strong></span> <span class='ocrx_word' id='word_1_320' title='bbox 667 3099 708 3163; x_wconf 88' lang='lat' dir='ltr'><strong>ad</strong></span> <span class='ocrx_word' id='word_1_321' title='bbox 723 3099 837 3166; x_wconf 90' lang='lat' dir='ltr'><strong>aulam.</strong></span> <span class='ocrx_word' id='word_1_322' title='bbox 881 3099 1004 3166; x_wconf 88' lang='lat' dir='ltr'><strong>Ibimus</strong></span> <span class='ocrx_word' id='word_1_323' title='bbox 1026 3101 1170 3183; x_wconf 87' lang='lat' dir='ltr'><strong>libenter,</strong></span> <span class='ocrx_word' id='word_1_324' title='bbox 1191 3100 1297 3186; x_wconf 89' lang='lat' dir='ltr'><strong>inquit</strong></span> <span class='ocrx_word' id='word_1_325' title='bbox 1310 3099 1368 3185; x_wconf 82' lang='lat' dir='ltr'><strong>G.)</strong></span> <span class='ocrx_word' id='word_1_326' title='bbox 1391 3103 1421 3183; x_wconf 91' lang='grc'><strong>2,</strong></span> <span class='ocrx_word' id='word_1_327' title='bbox 1437 3101 1489 3165; x_wconf 92' lang='grc'><strong>62.</strong></span> <span class='ocrx_word' id='word_1_328' title='bbox 1519 3099 1610 3183; x_wconf 69' lang='lat' dir='ltr'><strong>aptet</strong></span> <span class='ocrx_word' id='word_1_329' title='bbox 1626 3118 1701 3181; x_wconf 74' lang='lat' dir='ltr'><strong>mpu-</strong></span> 
     </span>
     <span class='ocr_line' id='line_1_28' title="bbox 254 3196 1702 3289; baseline 0.001 -31"><span class='ocrx_word' id='word_1_330' title='bbox 254 3197 355 3260; x_wconf 83' lang='grc'><strong>555555</strong></span> <span class='ocrx_word' id='word_1_331' title='bbox 371 3196 450 3261; x_wconf 77' lang='lat' dir='ltr'><strong>edwi</strong></span> <span class='ocrx_word' id='word_1_332' title='bbox 468 3201 543 3282; x_wconf 71' lang='lat' dir='ltr'><strong>cyrci</strong></span> <span class='ocrx_word' id='word_1_333' title='bbox 563 3199 748 3285; x_wconf 81' lang='lat' dir='ltr'><strong>droclawef.</strong></span> <span class='ocrx_word' id='word_1_334' title='bbox 770 3205 850 3268; x_wconf 80' lang='lat' dir='ltr'><strong>mici</strong></span> <span class='ocrx_word' id='word_1_335' title='bbox 872 3225 963 3268; x_wconf 79' lang='lat' dir='ltr'><strong>aaron</strong></span> <span class='ocrx_word' id='word_1_336' title='bbox 982 3203 1104 3288; x_wconf 72' lang='lat' dir='ltr'><strong>palmi.</strong></span> <span class='ocrx_word' id='word_1_337' title='bbox 1131 3225 1254 3288; x_wconf 76' lang='lat' dir='ltr'><strong>mynwn</strong></span> <span class='ocrx_word' id='word_1_338' title='bbox 1275 3201 1330 3266; x_wconf 86' lang='grc'><strong>555</strong></span> <span class='ocrx_word' id='word_1_339' title='bbox 1348 3226 1370 3288; x_wconf 80' lang='lat' dir='ltr'><strong><em>y</em></strong></span> <span class='ocrx_word' id='word_1_340' title='bbox 1389 3203 1535 3289; x_wconf 74' lang='grc'><strong>9555155555</strong></span> <span class='ocrx_word' id='word_1_341' title='bbox 1557 3200 1659 3285; x_wconf 83' lang='lat' dir='ltr'><strong>(atque</strong></span> <span class='ocrx_word' id='word_1_342' title='bbox 1678 3196 1702 3260; x_wconf 91' lang='lat' dir='ltr'><strong>si</strong></span> 
     </span>
     <span class='ocr_line' id='line_1_29' title="bbox 252 3298 1702 3390; baseline -0.001 -26"><span class='ocrx_word' id='word_1_343' title='bbox 252 3298 361 3364; x_wconf 82' lang='lat' dir='ltr'><strong>velitis</strong></span> <span class='ocrx_word' id='word_1_344' title='bbox 382 3320 442 3364; x_wconf 84' lang='lat' dir='ltr'><strong>vos</strong></span> <span class='ocrx_word' id='word_1_345' title='bbox 464 3320 514 3365; x_wconf 88' lang='lat' dir='ltr'><strong>me</strong></span> <span class='ocrx_word' id='word_1_346' title='bbox 534 3298 620 3366; x_wconf 89' lang='lat' dir='ltr'><strong>illius</strong></span> <span class='ocrx_word' id='word_1_347' title='bbox 641 3301 723 3384; x_wconf 89' lang='lat' dir='ltr'><strong>loco,</strong></span> <span class='ocrx_word' id='word_1_348' title='bbox 747 3325 806 3388; x_wconf 84' lang='lat' dir='ltr'><strong>ego</strong></span> <span class='ocrx_word' id='word_1_349' title='bbox 829 3326 897 3370; x_wconf 88' lang='lat' dir='ltr'><strong>eam</strong></span> <span class='ocrx_word' id='word_1_350' title='bbox 913 3312 1023 3368; x_wconf 87' lang='lat' dir='ltr'><strong>contra</strong></span> <span class='ocrx_word' id='word_1_351' title='bbox 1037 3326 1106 3370; x_wconf 87' lang='lat' dir='ltr'><strong>vos.</strong></span> <span class='ocrx_word' id='word_1_352' title='bbox 1149 3305 1315 3387; x_wconf 83' lang='lat' dir='ltr'><strong>Volumus,</strong></span> <span class='ocrx_word' id='word_1_353' title='bbox 1338 3303 1486 3390; x_wconf 89' lang='lat' dir='ltr'><strong>inquiunt</strong></span> <span class='ocrx_word' id='word_1_354' title='bbox 1499 3301 1604 3389; x_wconf 88' lang='lat' dir='ltr'><strong>pueri)</strong></span> <span class='ocrx_word' id='word_1_355' title='bbox 1620 3305 1644 3381; x_wconf 92' lang='grc'><strong>1,</strong></span> <span class='ocrx_word' id='word_1_356' title='bbox 1658 3299 1702 3362; x_wconf 84' lang='grc'><strong>35.</strong></span> 
     </span>
     <span class='ocr_line' id='line_1_30' title="bbox 249 3399 1702 3492; baseline 0.004 -30"><span class='ocrx_word' id='word_1_357' title='bbox 249 3423 393 3487; x_wconf 67' lang='lat' dir='ltr'><strong>quocica</strong></span> <span class='ocrx_word' id='word_1_358' title='bbox 411 3399 490 3486; x_wconf 73' lang='lat' dir='ltr'><strong>prrfi</strong></span> <span class='ocrx_word' id='word_1_359' title='bbox 511 3401 603 3466; x_wconf 83' lang='lat' dir='ltr'><strong>cdaw</strong></span> <span class='ocrx_word' id='word_1_360' title='bbox 622 3425 666 3487; x_wconf 74' lang='lat' dir='ltr'><strong>pn</strong></span> <span class='ocrx_word' id='word_1_361' title='bbox 689 3403 798 3468; x_wconf 80' lang='lat' dir='ltr'><strong>lluwcn</strong></span> <span class='ocrx_word' id='word_1_362' title='bbox 819 3405 986 3490; x_wconf 86' lang='lat' dir='ltr'><strong>(faciemus</strong></span> <span class='ocrx_word' id='word_1_363' title='bbox 1007 3427 1066 3492; x_wconf 87' lang='lat' dir='ltr'><strong>per</strong></span> <span class='ocrx_word' id='word_1_364' title='bbox 1087 3429 1137 3471; x_wconf 91' lang='lat' dir='ltr'><strong>me</strong></span> <span class='ocrx_word' id='word_1_365' title='bbox 1159 3416 1191 3472; x_wconf 91' lang='lat' dir='ltr'><strong>et</strong></span> <span class='ocrx_word' id='word_1_366' title='bbox 1212 3407 1306 3472; x_wconf 90' lang='lat' dir='ltr'><strong>deum</strong></span> <span class='ocrx_word' id='word_1_367' title='bbox 1327 3404 1479 3489; x_wconf 86' lang='lat' dir='ltr'><strong>libenter)</strong></span> <span class='ocrx_word' id='word_1_368' title='bbox 1510 3407 1537 3485; x_wconf 95' lang='lat' dir='ltr'><strong>l,</strong></span> <span class='ocrx_word' id='word_1_369' title='bbox 1554 3405 1622 3468; x_wconf 90' lang='grc'><strong>265.</strong></span> <span class='ocrx_word' id='word_1_370' title='bbox 1647 3423 1702 3486; x_wconf 74' lang='grc'><strong>915·</strong></span> 
     </span>
     <span class='ocr_line' id='line_1_31' title="bbox 252 3502 1579 3594; baseline 0.004 -29"><span class='ocrx_word' id='word_1_371' title='bbox 252 3525 344 3566; x_wconf 78' lang='lat' dir='ltr'><strong>nawa</strong></span> <span class='ocrx_word' id='word_1_372' title='bbox 364 3502 479 3566; x_wconf 78' lang='grc'><strong>5155555</strong></span> <span class='ocrx_word' id='word_1_373' title='bbox 497 3523 542 3587; x_wconf 75' lang='lat' dir='ltr'><strong>yn</strong></span> <span class='ocrx_word' id='word_1_374' title='bbox 563 3503 671 3568; x_wconf 81' lang='grc'><strong>1155555</strong></span> <span class='ocrx_word' id='word_1_375' title='bbox 692 3503 803 3569; x_wconf 82' lang='grc'><strong>55551</strong></span> <span class='ocrx_word' id='word_1_376' title='bbox 825 3505 994 3590; x_wconf 82' lang='lat' dir='ltr'><strong>(iaciemus</strong></span> <span class='ocrx_word' id='word_1_377' title='bbox 1015 3531 1075 3574; x_wconf 89' lang='lat' dir='ltr'><strong>nos</strong></span> <span class='ocrx_word' id='word_1_378' title='bbox 1098 3509 1243 3590; x_wconf 90' lang='lat' dir='ltr'><strong>libenter,</strong></span> <span class='ocrx_word' id='word_1_379' title='bbox 1266 3508 1370 3594; x_wconf 87' lang='lat' dir='ltr'><strong>inquit</strong></span> <span class='ocrx_word' id='word_1_380' title='bbox 1389 3506 1461 3590; x_wconf 91' lang='lat' dir='ltr'><strong>illa)</strong></span> <span class='ocrx_word' id='word_1_381' title='bbox 1483 3508 1512 3588; x_wconf 92' lang='grc'><strong>2,</strong></span> <span class='ocrx_word' id='word_1_382' title='bbox 1529 3509 1579 3571; x_wconf 89' lang='grc'><strong>41.</strong></span> 
     </span>
    </p>
   </div>
   <div class='ocr_carea' id='block_1_10' title="bbox 335 3602 1825 3710">
    <p class='ocr_par' dir='ltr' id='par_1_10' title="bbox 335 3602 1825 3710">
     <span class='ocr_line' id='line_1_32' title="bbox 335 3602 1825 3710; baseline -0.001 -40"><span class='ocrx_word' id='word_1_383' title='bbox 335 3602 476 3692; x_wconf 82' lang='lat' dir='ltr'><strong>Oornioa</strong></span> <span class='ocrx_word' id='word_1_384' title='bbox 496 3615 529 3669; x_wconf 89' lang='lat' dir='ltr'><strong>et</strong></span> <span class='ocrx_word' id='word_1_385' title='bbox 549 3607 725 3674; x_wconf 89' lang='lat' dir='ltr'><strong>aremorica</strong></span> <span class='ocrx_word' id='word_1_386' title='bbox 746 3607 875 3673; x_wconf 86' lang='lat' dir='ltr'><strong>dialecti</strong></span> <span class='ocrx_word' id='word_1_387' title='bbox 896 3609 957 3674; x_wconf 87' lang='lat' dir='ltr'><strong>etsi</strong></span> <span class='ocrx_word' id='word_1_388' title='bbox 979 3607 1082 3675; x_wconf 89' lang='lat' dir='ltr'><strong>isdem</strong></span> <span class='ocrx_word' id='word_1_389' title='bbox 1104 3609 1269 3697; x_wconf 77' lang='lat' dir='ltr'><strong>particulis</strong></span> <span class='ocrx_word' id='word_1_390' title='bbox 1291 3617 1430 3692; x_wconf 90' lang='lat' dir='ltr'><strong>utuntur,</strong></span> <span class='ocrx_word' id='word_1_391' title='bbox 1452 3607 1643 3694; x_wconf 84' lang='lat' dir='ltr'><strong>proprietate</strong></span> <span class='ocrx_word' id='word_1_392' title='bbox 1661 3613 1702 3668; x_wconf 83' lang='lat' dir='ltr'><strong>ta-</strong></span> <span class='ocrx_word' id='word_1_393' title='bbox 1824 3641 1825 3710; x_wconf 59' lang='lat'>3</span> 
     </span>
    </p>
   </div>
   <div class='ocr_carea' id='block_1_11' title="bbox 250 3704 1710 5224">
    <p class='ocr_par' dir='ltr' id='par_1_11' title="bbox 251 3704 1342 3797">
     <span class='ocr_line' id='line_1_33' title="bbox 251 3704 1342 3797; baseline 0.005 -27"><span class='ocrx_word' id='word_1_394' title='bbox 251 3727 324 3772; x_wconf 89' lang='lat' dir='ltr'><strong>men</strong></span> <span class='ocrx_word' id='word_1_395' title='bbox 344 3704 519 3792; x_wconf 87' lang='lat' dir='ltr'><strong>particulae</strong></span> <span class='ocrx_word' id='word_1_396' title='bbox 541 3728 576 3770; x_wconf 89' lang='grc'><strong>55</strong></span> <span class='ocrx_word' id='word_1_397' title='bbox 599 3707 749 3775; x_wconf 83' lang='lat' dir='ltr'><strong>differunt</strong></span> <span class='ocrx_word' id='word_1_398' title='bbox 769 3718 833 3775; x_wconf 88' lang='lat' dir='ltr'><strong>tam</strong></span> <span class='ocrx_word' id='word_1_399' title='bbox 855 3710 938 3775; x_wconf 89' lang='lat' dir='ltr'><strong>inter</strong></span> <span class='ocrx_word' id='word_1_400' title='bbox 960 3733 996 3776; x_wconf 92' lang='grc'><strong>55</strong></span> <span class='ocrx_word' id='word_1_401' title='bbox 1018 3733 1112 3797; x_wconf 89' lang='lat' dir='ltr'><strong>quam</strong></span> <span class='ocrx_word' id='word_1_402' title='bbox 1135 3733 1155 3776; x_wconf 88' lang='lat' dir='ltr'><strong>a</strong></span> <span class='ocrx_word' id='word_1_403' title='bbox 1176 3710 1342 3777; x_wconf 88' lang='lat' dir='ltr'><strong>cambrica.</strong></span> 
     </span>
    </p>

    <p class='ocr_par' dir='ltr' id='par_1_12' title="bbox 254 3805 1704 3976">
     <span class='ocr_line' id='line_1_34' title="bbox 336 3805 1704 3900; baseline -0.001 -25"><span class='ocrx_word' id='word_1_404' title='bbox 336 3807 509 3875; x_wconf 81' lang='lat' dir='ltr'><strong>Cornica</strong></span> <span class='ocrx_word' id='word_1_405' title='bbox 533 3805 593 3873; x_wconf 85' lang='lat' dir='ltr'><strong>RE</strong></span> <span class='ocrx_word' id='word_1_406' title='bbox 621 3807 741 3897; x_wconf 89' lang='lat' dir='ltr'><strong>duplici</strong></span> <span class='ocrx_word' id='word_1_407' title='bbox 771 3833 833 3876; x_wconf 87' lang='lat' dir='ltr'><strong>usu</strong></span> <span class='ocrx_word' id='word_1_408' title='bbox 862 3835 882 3877; x_wconf 89' lang='lat' dir='ltr'><strong>a</strong></span> <span class='ocrx_word' id='word_1_409' title='bbox 909 3811 1068 3878; x_wconf 84' lang='lat' dir='ltr'><strong>cambrica</strong></span> <span class='ocrx_word' id='word_1_410' title='bbox 1096 3811 1260 3897; x_wconf 80' lang='grc'><strong>(11855555,</strong></span> <span class='ocrx_word' id='word_1_411' title='bbox 1293 3812 1425 3900; x_wconf 86' lang='lat' dir='ltr'><strong>propius</strong></span> <span class='ocrx_word' id='word_1_412' title='bbox 1453 3811 1494 3876; x_wconf 90' lang='lat' dir='ltr'><strong>ad</strong></span> <span class='ocrx_word' id='word_1_413' title='bbox 1522 3809 1704 3878; x_wconf 86' lang='lat' dir='ltr'><strong>hibernicam</strong></span> 
     </span>
     <span class='ocr_line' id='line_1_35' title="bbox 254 3909 388 3976; baseline -0.022 0"><span class='ocrx_word' id='word_1_414' title='bbox 254 3909 388 3976; x_wconf 88' lang='lat' dir='ltr'><strong>accedit.</strong></span> 
     </span>
    </p>

    <p class='ocr_par' dir='ltr' id='par_1_13' title="bbox 250 4009 1710 5224">
     <span class='ocr_line' id='line_1_36' title="bbox 338 4009 1708 4102; baseline -0.001 -26"><span class='ocrx_word' id='word_1_415' title='bbox 338 4010 401 4076; x_wconf 89' lang='lat' dir='ltr'><strong>Est</strong></span> <span class='ocrx_word' id='word_1_416' title='bbox 421 4009 518 4095; x_wconf 76' lang='lat' dir='ltr'><strong>igitur</strong></span> <span class='ocrx_word' id='word_1_417' title='bbox 538 4012 673 4098; x_wconf 87' lang='lat' dir='ltr'><strong>primum</strong></span> <span class='ocrx_word' id='word_1_418' title='bbox 694 4013 753 4080; x_wconf 81' lang='lat' dir='ltr'><strong>RE</strong></span> <span class='ocrx_word' id='word_1_419' title='bbox 774 4015 872 4080; x_wconf 88' lang='lat' dir='ltr'><strong>index</strong></span> <span class='ocrx_word' id='word_1_420' title='bbox 892 4014 1068 4101; x_wconf 86' lang='lat' dir='ltr'><strong>praeteriti.</strong></span> <span class='ocrx_word' id='word_1_421' title='bbox 1111 4013 1273 4082; x_wconf 86' lang='lat' dir='ltr'><strong>Primarii:</strong></span> <span class='ocrx_word' id='word_1_422' title='bbox 1297 4016 1419 4079; x_wconf 76' lang='grc'><strong>51555555</strong></span> <span class='ocrx_word' id='word_1_423' title='bbox 1438 4037 1488 4100; x_wconf 74' lang='lat' dir='ltr'><strong>yso</strong></span> <span class='ocrx_word' id='word_1_424' title='bbox 1508 4019 1545 4102; x_wconf 68' lang='lat' dir='ltr'><strong>ef</strong></span> <span class='ocrx_word' id='word_1_425' title='bbox 1553 4067 1559 4082; x_wconf 92' lang='lat'><strong>.</strong></span> <span class='ocrx_word' id='word_1_426' title='bbox 1575 4012 1666 4081; x_wconf 83' lang='lat' dir='ltr'><strong>..neb</strong></span> <span class='ocrx_word' id='word_1_427' title='bbox 1679 4031 1708 4073; x_wconf 85' lang='grc'><strong>55</strong></span> 
     </span>
     <span class='ocr_line' id='line_1_37' title="bbox 256 4110 1708 4204; baseline 0.007 -29"><span class='ocrx_word' id='word_1_428' title='bbox 256 4125 370 4198; x_wconf 60' lang='grc'><strong>5553355</strong></span> <span class='ocrx_word' id='word_1_429' title='bbox 396 4110 551 4198; x_wconf 87' lang='lat' dir='ltr'><strong>(optimus</strong></span> <span class='ocrx_word' id='word_1_430' title='bbox 573 4114 623 4179; x_wconf 85' lang='lat' dir='ltr'><strong>vir</strong></span> <span class='ocrx_word' id='word_1_431' title='bbox 644 4124 694 4183; x_wconf 90' lang='lat' dir='ltr'><strong>eat</strong></span> <span class='ocrx_word' id='word_1_432' title='bbox 714 4117 743 4183; x_wconf 90' lang='lat' dir='ltr'><strong>is</strong></span> <span class='ocrx_word' id='word_1_433' title='bbox 770 4141 864 4204; x_wconf 86' lang='lat' dir='ltr'><strong>quem</strong></span> <span class='ocrx_word' id='word_1_434' title='bbox 884 4117 1031 4202; x_wconf 85' lang='lat' dir='ltr'><strong>vendidi)</strong></span> <span class='ocrx_word' id='word_1_435' title='bbox 1052 4117 1091 4182; x_wconf 90' lang='lat' dir='ltr'><strong>P.</strong></span> <span class='ocrx_word' id='word_1_436' title='bbox 1105 4117 1173 4201; x_wconf 87' lang='grc'>103,</span> <span class='ocrx_word' id='word_1_437' title='bbox 1189 4121 1219 4183; x_wconf 89' lang='grc'><strong>4.</strong></span> <span class='ocrx_word' id='word_1_438' title='bbox 1248 4141 1313 4203; x_wconf 71' lang='grc'><strong>555</strong></span> <span class='ocrx_word' id='word_1_439' title='bbox 1332 4139 1400 4202; x_wconf 77' lang='lat' dir='ltr'><strong>wyr</strong></span> <span class='ocrx_word' id='word_1_440' title='bbox 1421 4127 1449 4181; x_wconf 84' lang='grc'><strong>15</strong></span> <span class='ocrx_word' id='word_1_441' title='bbox 1469 4119 1620 4204; x_wconf 64' lang='grc'><strong>5515555555</strong></span> <span class='ocrx_word' id='word_1_442' title='bbox 1644 4113 1708 4196; x_wconf 70' lang='lat' dir='ltr'><strong>(ve-</strong></span> 
     </span>
     <span class='ocr_line' id='line_1_38' title="bbox 255 4213 1708 4306; baseline 0.001 -28"><span class='ocrx_word' id='word_1_443' title='bbox 255 4214 382 4279; x_wconf 83' lang='lat' dir='ltr'><strong>rissime</strong></span> <span class='ocrx_word' id='word_1_444' title='bbox 404 4213 544 4301; x_wconf 80' lang='lat' dir='ltr'><strong>dixisti),</strong></span> <span class='ocrx_word' id='word_1_445' title='bbox 564 4239 651 4303; x_wconf 72' lang='lat' dir='ltr'><strong>qur</strong></span> <span class='ocrx_word' id='word_1_446' title='bbox 672 4241 706 4283; x_wconf 93' lang='grc'><strong>55</strong></span> <span class='ocrx_word' id='word_1_447' title='bbox 725 4239 840 4306; x_wconf 66' lang='grc'><strong>9555555</strong></span> <span class='ocrx_word' id='word_1_448' title='bbox 862 4221 988 4304; x_wconf 86' lang='lat' dir='ltr'><strong>(verum</strong></span> <span class='ocrx_word' id='word_1_449' title='bbox 1011 4219 1093 4304; x_wconf 90' lang='lat' dir='ltr'><strong>dixi)</strong></span> <span class='ocrx_word' id='word_1_450' title='bbox 1119 4222 1188 4302; x_wconf 89' lang='grc'><strong>101,</strong></span> <span class='ocrx_word' id='word_1_451' title='bbox 1212 4223 1240 4284; x_wconf 93' lang='grc'><strong>1.</strong></span> <span class='ocrx_word' id='word_1_452' title='bbox 1265 4221 1335 4303; x_wconf 89' lang='grc'>102,</span> <span class='ocrx_word' id='word_1_453' title='bbox 1351 4222 1380 4284; x_wconf 87' lang='grc'><strong>4.</strong></span> <span class='ocrx_word' id='word_1_454' title='bbox 1417 4221 1494 4306; x_wconf 78' lang='lat' dir='ltr'><strong>pytla</strong></span> <span class='ocrx_word' id='word_1_455' title='bbox 1514 4243 1564 4306; x_wconf 74' lang='lat' dir='ltr'><strong>yso</strong></span> <span class='ocrx_word' id='word_1_456' title='bbox 1586 4243 1621 4284; x_wconf 80' lang='grc'><strong>55</strong></span> <span class='ocrx_word' id='word_1_457' title='bbox 1640 4215 1708 4281; x_wconf 74' lang='lat' dir='ltr'><strong>drot</strong></span> 
     </span>
     <span class='ocr_line' id='line_1_39' title="bbox 255 4317 1707 4407; baseline 0.006 -30"><span class='ocrx_word' id='word_1_458' title='bbox 255 4337 418 4402; x_wconf 63' lang='grc'><strong>5555555555</strong></span> <span class='ocrx_word' id='word_1_459' title='bbox 440 4317 534 4404; x_wconf 88' lang='lat' dir='ltr'><strong>(quid</strong></span> <span class='ocrx_word' id='word_1_460' title='bbox 556 4327 606 4384; x_wconf 91' lang='grc'><strong>551</strong></span> <span class='ocrx_word' id='word_1_461' title='bbox 625 4321 744 4387; x_wconf 91' lang='lat' dir='ltr'><strong>malum</strong></span> <span class='ocrx_word' id='word_1_462' title='bbox 766 4323 851 4407; x_wconf 86' lang='lat' dir='ltr'><strong>quud</strong></span> <span class='ocrx_word' id='word_1_463' title='bbox 867 4320 1010 4406; x_wconf 81' lang='grc'><strong>15515111)</strong></span> <span class='ocrx_word' id='word_1_464' title='bbox 1028 4321 1099 4402; x_wconf 92' lang='grc'><strong>101,</strong></span> <span class='ocrx_word' id='word_1_465' title='bbox 1114 4323 1144 4386; x_wconf 90' lang='grc'><strong>4.</strong></span> <span class='ocrx_word' id='word_1_466' title='bbox 1173 4323 1285 4388; x_wconf 71' lang='lat' dir='ltr'><strong>bucella</strong></span> <span class='ocrx_word' id='word_1_467' title='bbox 1304 4343 1353 4387; x_wconf 84' lang='grc'><strong>515</strong></span> <span class='ocrx_word' id='word_1_468' title='bbox 1372 4343 1408 4386; x_wconf 90' lang='grc'><strong>55</strong></span> <span class='ocrx_word' id='word_1_469' title='bbox 1420 4323 1512 4387; x_wconf 79' lang='grc'><strong>555155</strong></span> <span class='ocrx_word' id='word_1_470' title='bbox 1534 4322 1707 4407; x_wconf 78' lang='grc'><strong>(15555515</strong></span> 
     </span>
     <span class='ocr_line' id='line_1_40' title="bbox 251 4417 1710 4509; baseline 0.001 -27"><span class='ocrx_word' id='word_1_471' title='bbox 251 4417 333 4503; x_wconf 87' lang='lat' dir='ltr'><strong>vidi)</strong></span> <span class='ocrx_word' id='word_1_472' title='bbox 359 4419 428 4501; x_wconf 84' lang='grc'><strong>123,</strong></span> <span class='ocrx_word' id='word_1_473' title='bbox 452 4422 483 4484; x_wconf 89' lang='grc'><strong>4.</strong></span> <span class='ocrx_word' id='word_1_474' title='bbox 516 4443 560 4506; x_wconf 74' lang='lat' dir='ltr'><strong>pn</strong></span> <span class='ocrx_word' id='word_1_475' title='bbox 581 4423 662 4508; x_wconf 85' lang='lat' dir='ltr'><strong>oreff·</strong></span> <span class='ocrx_word' id='word_1_476' title='bbox 683 4445 731 4487; x_wconf 86' lang='lat' dir='ltr'><strong>me</strong></span> <span class='ocrx_word' id='word_1_477' title='bbox 751 4443 786 4487; x_wconf 88' lang='grc'><strong>55</strong></span> <span class='ocrx_word' id='word_1_478' title='bbox 807 4423 917 4509; x_wconf 73' lang='lat' dir='ltr'><strong>dephca</strong></span> <span class='ocrx_word' id='word_1_479' title='bbox 944 4423 1053 4508; x_wconf 87' lang='lat' dir='ltr'><strong>(valde</strong></span> <span class='ocrx_word' id='word_1_480' title='bbox 1074 4423 1223 4509; x_wconf 88' lang='lat' dir='ltr'><strong>peccavi)</strong></span> <span class='ocrx_word' id='word_1_481' title='bbox 1253 4425 1322 4505; x_wconf 89' lang='grc'><strong>104,</strong></span> <span class='ocrx_word' id='word_1_482' title='bbox 1344 4424 1374 4489; x_wconf 92' lang='grc'><strong>2.</strong></span> <span class='ocrx_word' id='word_1_483' title='bbox 1408 4447 1450 4488; x_wconf 76' lang='lat' dir='ltr'><strong>aa</strong></span> <span class='ocrx_word' id='word_1_484' title='bbox 1471 4445 1549 4488; x_wconf 78' lang='lat' dir='ltr'><strong>reae</strong></span> <span class='ocrx_word' id='word_1_485' title='bbox 1578 4449 1597 4488; x_wconf 86' lang='lat' dir='ltr'><strong>a</strong></span> <span class='ocrx_word' id='word_1_486' title='bbox 1622 4423 1710 4505; x_wconf 65' lang='grc'><strong>9135</strong></span> 
     </span>
     <span class='ocr_line' id='line_1_41' title="bbox 250 4519 1708 4611; baseline 0.002 -28"><span class='ocrx_word' id='word_1_487' title='bbox 250 4519 405 4606; x_wconf 63' lang='grc'><strong>35515555</strong></span> <span class='ocrx_word' id='word_1_488' title='bbox 427 4521 549 4608; x_wconf 63' lang='grc'><strong>(151155</strong></span> <span class='ocrx_word' id='word_1_489' title='bbox 570 4525 731 4610; x_wconf 62' lang='grc'><strong>5533151555</strong></span> <span class='ocrx_word' id='word_1_490' title='bbox 753 4523 816 4607; x_wconf 88' lang='lat' dir='ltr'><strong>(illi</strong></span> <span class='ocrx_word' id='word_1_491' title='bbox 838 4535 975 4611; x_wconf 91' lang='lat' dir='ltr'><strong>possunt</strong></span> <span class='ocrx_word' id='word_1_492' title='bbox 1000 4535 1032 4591; x_wconf 89' lang='grc'><strong>15</strong></span> <span class='ocrx_word' id='word_1_493' title='bbox 1053 4525 1237 4608; x_wconf 85' lang='lat' dir='ltr'><strong>instituere,</strong></span> <span class='ocrx_word' id='word_1_494' title='bbox 1268 4527 1315 4591; x_wconf 85' lang='lat' dir='ltr'><strong>ita</strong></span> <span class='ocrx_word' id='word_1_495' title='bbox 1336 4534 1411 4592; x_wconf 92' lang='lat' dir='ltr'><strong>sunt</strong></span> <span class='ocrx_word' id='word_1_496' title='bbox 1431 4526 1586 4610; x_wconf 86' lang='lat' dir='ltr'><strong>instituti)</strong></span> <span class='ocrx_word' id='word_1_497' title='bbox 1613 4527 1661 4604; x_wconf 89' lang='grc'><strong>80,</strong></span> <span class='ocrx_word' id='word_1_498' title='bbox 1681 4525 1708 4586; x_wconf 87' lang='grc'><strong>3.</strong></span> 
     </span>
     <span class='ocr_line' id='line_1_42' title="bbox 253 4622 1709 4714; baseline -0.001 -26"><span class='ocrx_word' id='word_1_499' title='bbox 253 4622 422 4690; x_wconf 81' lang='lat' dir='ltr'><strong>Praeteriti</strong></span> <span class='ocrx_word' id='word_1_500' title='bbox 443 4625 639 4692; x_wconf 82' lang='lat' dir='ltr'><strong>secundarii:</strong></span> <span class='ocrx_word' id='word_1_501' title='bbox 662 4626 774 4690; x_wconf 80' lang='lat' dir='ltr'><strong>eddrelc</strong></span> <span class='ocrx_word' id='word_1_502' title='bbox 793 4649 865 4692; x_wconf 82' lang='grc'><strong>5555</strong></span> <span class='ocrx_word' id='word_1_503' title='bbox 886 4651 929 4692; x_wconf 82' lang='lat' dir='ltr'><strong>aa</strong></span> <span class='ocrx_word' id='word_1_504' title='bbox 950 4627 1085 4693; x_wconf 80' lang='grc'><strong>1555555555</strong></span> <span class='ocrx_word' id='word_1_505' title='bbox 1106 4650 1164 4712; x_wconf 77' lang='lat' dir='ltr'><strong>rcp</strong></span> <span class='ocrx_word' id='word_1_506' title='bbox 1185 4652 1226 4691; x_wconf 83' lang='grc'><strong>55</strong></span> <span class='ocrx_word' id='word_1_507' title='bbox 1241 4625 1311 4692; x_wconf 70' lang='lat' dir='ltr'><strong>obet·</strong></span> <span class='ocrx_word' id='word_1_508' title='bbox 1332 4649 1366 4691; x_wconf 84' lang='grc'><strong>55</strong></span> <span class='ocrx_word' id='word_1_509' title='bbox 1379 4649 1487 4692; x_wconf 82' lang='grc'><strong>5555555</strong></span> <span class='ocrx_word' id='word_1_510' title='bbox 1507 4625 1709 4714; x_wconf 82' lang='lat' dir='ltr'><strong>(paenitentia</strong></span> 
     </span>
     <span class='ocr_line' id='line_1_43' title="bbox 250 4727 1709 4816; baseline -0.002 -25"><span class='ocrx_word' id='word_1_511' title='bbox 250 4749 369 4813; x_wconf 85' lang='lat' dir='ltr'><strong>magna</strong></span> <span class='ocrx_word' id='word_1_512' title='bbox 384 4749 457 4793; x_wconf 90' lang='lat' dir='ltr'><strong>eum</strong></span> <span class='ocrx_word' id='word_1_513' title='bbox 471 4727 558 4815; x_wconf 91' lang='lat' dir='ltr'><strong>cepit</strong></span> <span class='ocrx_word' id='word_1_514' title='bbox 573 4727 613 4794; x_wconf 94' lang='lat' dir='ltr'><strong>ob</strong></span> <span class='ocrx_word' id='word_1_515' title='bbox 629 4749 710 4814; x_wconf 90' lang='lat' dir='ltr'><strong>opus</strong></span> <span class='ocrx_word' id='word_1_516' title='bbox 726 4730 811 4814; x_wconf 90' lang='lat' dir='ltr'><strong>quod</strong></span> <span class='ocrx_word' id='word_1_517' title='bbox 825 4729 959 4816; x_wconf 88' lang='lat' dir='ltr'><strong>fecerat)</strong></span> <span class='ocrx_word' id='word_1_518' title='bbox 975 4728 1012 4794; x_wconf 90' lang='lat' dir='ltr'><strong>P.</strong></span> <span class='ocrx_word' id='word_1_519' title='bbox 1029 4730 1099 4809; x_wconf 91' lang='grc'>220,</span> <span class='ocrx_word' id='word_1_520' title='bbox 1117 4729 1145 4792; x_wconf 93' lang='grc'><strong>2.</strong></span> <span class='ocrx_word' id='word_1_521' title='bbox 1169 4731 1271 4814; x_wconf 80' lang='lat' dir='ltr'><strong>peclyr</strong></span> <span class='ocrx_word' id='word_1_522' title='bbox 1284 4751 1339 4794; x_wconf 84' lang='grc'><strong>555</strong></span> <span class='ocrx_word' id='word_1_523' title='bbox 1361 4755 1381 4794; x_wconf 88' lang='lat' dir='ltr'><strong>a</strong></span> <span class='ocrx_word' id='word_1_524' title='bbox 1396 4729 1564 4794; x_wconf 74' lang='lat' dir='ltr'><strong>madernas</strong></span> <span class='ocrx_word' id='word_1_525' title='bbox 1581 4753 1623 4814; x_wconf 73' lang='lat' dir='ltr'><strong>pa</strong></span> <span class='ocrx_word' id='word_1_526' title='bbox 1637 4749 1709 4790; x_wconf 80' lang='lat' dir='ltr'><strong>orna</strong></span> 
     </span>
     <span class='ocr_line' id='line_1_44' title="bbox 257 4829 1708 4916; baseline -0.002 -23"><span class='ocrx_word' id='word_1_527' title='bbox 257 4830 307 4894; x_wconf 86' lang='lat' dir='ltr'><strong>del</strong></span> <span class='ocrx_word' id='word_1_528' title='bbox 327 4829 466 4915; x_wconf 68' lang='lat' dir='ltr'><strong>redeptus</strong></span> <span class='ocrx_word' id='word_1_529' title='bbox 487 4829 618 4916; x_wconf 83' lang='lat' dir='ltr'><strong>(Petrus</strong></span> <span class='ocrx_word' id='word_1_530' title='bbox 640 4839 727 4896; x_wconf 88' lang='lat' dir='ltr'><strong>certo</strong></span> <span class='ocrx_word' id='word_1_531' title='bbox 750 4853 786 4897; x_wconf 90' lang='lat' dir='ltr'><strong>se</strong></span> <span class='ocrx_word' id='word_1_532' title='bbox 807 4832 965 4898; x_wconf 76' lang='grc'><strong>5555551111</strong></span> <span class='ocrx_word' id='word_1_533' title='bbox 987 4830 1119 4898; x_wconf 88' lang='lat' dir='ltr'><strong>simulac</strong></span> <span class='ocrx_word' id='word_1_534' title='bbox 1140 4831 1302 4915; x_wconf 84' lang='lat' dir='ltr'><strong>peccavit)</strong></span> <span class='ocrx_word' id='word_1_535' title='bbox 1317 4832 1368 4912; x_wconf 89' lang='grc'><strong>86,</strong></span> <span class='ocrx_word' id='word_1_536' title='bbox 1384 4831 1413 4896; x_wconf 86' lang='grc'><strong>3.</strong></span> <span class='ocrx_word' id='word_1_537' title='bbox 1441 4855 1485 4895; x_wconf 79' lang='lat' dir='ltr'><strong>aa</strong></span> <span class='ocrx_word' id='word_1_538' title='bbox 1506 4831 1708 4895; x_wconf 80' lang='grc'><strong>151555555-</strong></span> 
     </span>
     <span class='ocr_line' id='line_1_45' title="bbox 253 4929 1706 5019; baseline 0.004 -25"><span class='ocrx_word' id='word_1_539' title='bbox 253 4951 322 4995; x_wconf 79' lang='grc'><strong>5555</strong></span> <span class='ocrx_word' id='word_1_540' title='bbox 345 4951 367 5015; x_wconf 75' lang='lat' dir='ltr'><em>y</em></span> <span class='ocrx_word' id='word_1_541' title='bbox 389 4953 409 4994; x_wconf 89' lang='grc'><strong>5</strong></span> <span class='ocrx_word' id='word_1_542' title='bbox 429 4930 561 5018; x_wconf 57' lang='lat' dir='ltr'><strong>cymae</strong></span> <span class='ocrx_word' id='word_1_543' title='bbox 586 4947 622 5016; x_wconf 72' lang='lat'><strong>30</strong></span> <span class='ocrx_word' id='word_1_544' title='bbox 640 4955 748 5018; x_wconf 75' lang='lat' dir='ltr'><strong>scrupe</strong></span> <span class='ocrx_word' id='word_1_545' title='bbox 770 4933 939 5017; x_wconf 87' lang='lat' dir='ltr'><strong>(foramen,</strong></span> <span class='ocrx_word' id='word_1_546' title='bbox 963 4932 1049 5019; x_wconf 89' lang='lat' dir='ltr'><strong>quod</strong></span> <span class='ocrx_word' id='word_1_547' title='bbox 1068 4931 1226 5013; x_wconf 83' lang='lat' dir='ltr'><strong>fecerant,</strong></span> <span class='ocrx_word' id='word_1_548' title='bbox 1254 4931 1301 4997; x_wconf 95' lang='lat' dir='ltr'><strong>illi</strong></span> <span class='ocrx_word' id='word_1_549' title='bbox 1326 4933 1480 4998; x_wconf 85' lang='lat' dir='ltr'><strong>volebant</strong></span> <span class='ocrx_word' id='word_1_550' title='bbox 1505 4943 1541 4997; x_wconf 87' lang='lat' dir='ltr'><strong>ut</strong></span> <span class='ocrx_word' id='word_1_551' title='bbox 1569 4929 1706 5010; x_wconf 81' lang='lat' dir='ltr'><strong>serviret)</strong></span> 
     </span>
     <span class='ocr_line' id='line_1_46' title="bbox 255 5033 1705 5122; baseline 0.001 -25"><span class='ocrx_word' id='word_1_552' title='bbox 255 5033 326 5115; x_wconf 88' lang='grc'><strong>180,</strong></span> <span class='ocrx_word' id='word_1_553' title='bbox 346 5035 377 5097; x_wconf 89' lang='grc'><strong>4.</strong></span> <span class='ocrx_word' id='word_1_554' title='bbox 407 5057 467 5120; x_wconf 73' lang='lat' dir='ltr'><strong>rap</strong></span> <span class='ocrx_word' id='word_1_555' title='bbox 487 5057 532 5098; x_wconf 79' lang='grc'><strong>55</strong></span> <span class='ocrx_word' id='word_1_556' title='bbox 551 5036 692 5100; x_wconf 72' lang='lat' dir='ltr'><strong>maculae</strong></span> <span class='ocrx_word' id='word_1_557' title='bbox 711 5057 745 5099; x_wconf 87' lang='grc'><strong>55</strong></span> <span class='ocrx_word' id='word_1_558' title='bbox 764 5037 887 5100; x_wconf 66' lang='lat' dir='ltr'><strong>nabau</strong></span> <span class='ocrx_word' id='word_1_559' title='bbox 913 5036 1058 5122; x_wconf 84' lang='lat' dir='ltr'><strong>(propter</strong></span> <span class='ocrx_word' id='word_1_560' title='bbox 1084 5034 1270 5100; x_wconf 88' lang='lat' dir='ltr'><strong>miraculum</strong></span> <span class='ocrx_word' id='word_1_561' title='bbox 1299 5035 1384 5122; x_wconf 89' lang='lat' dir='ltr'><strong>quod</strong></span> <span class='ocrx_word' id='word_1_562' title='bbox 1406 5035 1569 5121; x_wconf 83' lang='lat' dir='ltr'><strong>viderant)</strong></span> <span class='ocrx_word' id='word_1_563' title='bbox 1598 5035 1664 5110; x_wconf 83' lang='grc'><strong>254,</strong></span> <span class='ocrx_word' id='word_1_564' title='bbox 1677 5033 1705 5092; x_wconf 75' lang='lat'><strong>4-</strong></span> 
     </span>
     <span class='ocr_line' id='line_1_47' title="bbox 251 5131 1705 5224; baseline 0.001 -26"><span class='ocrx_word' id='word_1_565' title='bbox 251 5153 359 5222; x_wconf 70' lang='lat' dir='ltr'><strong>propa</strong></span> <span class='ocrx_word' id='word_1_566' title='bbox 380 5134 531 5221; x_wconf 74' lang='lat' dir='ltr'><strong>dcmpnya</strong></span> <span class='ocrx_word' id='word_1_567' title='bbox 550 5136 636 5202; x_wconf 84' lang='grc'><strong>55555</strong></span> <span class='ocrx_word' id='word_1_568' title='bbox 657 5135 731 5221; x_wconf 90' lang='lat' dir='ltr'><strong>(cur</strong></span> <span class='ocrx_word' id='word_1_569' title='bbox 752 5136 918 5204; x_wconf 88' lang='lat' dir='ltr'><strong>damnatus</strong></span> <span class='ocrx_word' id='word_1_570' title='bbox 941 5138 1043 5224; x_wconf 87' lang='lat' dir='ltr'><strong>esset)</strong></span> <span class='ocrx_word' id='word_1_571' title='bbox 1061 5137 1130 5221; x_wconf 82' lang='grc'><strong>187,</strong></span> <span class='ocrx_word' id='word_1_572' title='bbox 1146 5138 1175 5202; x_wconf 91' lang='grc'><strong>2.</strong></span> <span class='ocrx_word' id='word_1_573' title='bbox 1203 5136 1344 5218; x_wconf 66' lang='grc'><strong>5155555</strong></span> <span class='ocrx_word' id='word_1_574' title='bbox 1366 5137 1426 5202; x_wconf 80' lang='lat' dir='ltr'><strong>dea</strong></span> <span class='ocrx_word' id='word_1_575' title='bbox 1447 5161 1468 5202; x_wconf 86' lang='lat' dir='ltr'><strong>c</strong></span> <span class='ocrx_word' id='word_1_576' title='bbox 1483 5135 1555 5223; x_wconf 72' lang='lat' dir='ltr'><strong>brya</strong></span> <span class='ocrx_word' id='word_1_577' title='bbox 1574 5137 1616 5222; x_wconf 91' lang='lat' dir='ltr'><strong>(is</strong></span> <span class='ocrx_word' id='word_1_578' title='bbox 1633 5131 1705 5199; x_wconf 80' lang='lat' dir='ltr'><strong>fuis-</strong></span> 
     </span>
    </p>
   </div>
   <div class='ocr_carea' id='block_1_12' title="bbox 1575 5373 1603 5591">
    <p class='ocr_par' dir='ltr' id='par_1_14' title="bbox 1575 5373 1603 5591">
     <span class='ocr_line' id='line_1_48' title="bbox 1575 5373 1603 5591; baseline 0 0"><span class='ocrx_word' id='word_1_579' title='bbox 1575 5373 1603 5591; x_wconf 85' lang='grc'><strong>1</strong></span> 
     </span>
    </p>
   </div>
   <div class='ocr_carea' id='block_1_13' title="bbox 0 0 1844 5650">
    <p class='ocr_par' dir='ltr' id='par_1_15' title="bbox 0 0 1844 5650">
     <span class='ocr_line' id='line_1_49' title="bbox 0 0 1844 5650; baseline 0 0"><span class='ocrx_word' id='word_1_580' title='bbox 0 0 1844 5650; x_wconf 95' lang='lat' dir='ltr'><strong> </strong></span> 
     </span>
    </p>
   </div>
  </div>
 </body>
</html>
