3684 5648
539 413 566 479 Ι,
591 417 618 479 1.
650 427 866 478 nnsruoscr
885 427 1100 477 mensurans.
1424 415 1477 477 (3⁶)
1510 415 1551 479 29

103 602 245 688 (laudat),
274 600 434 668 tetradas
461 599 647 686 (loquitur),
676 599 871 666 docuirethur
899 597 1076 683 (asciscit),
1110 597 1318 662 taideuiaedur
1350 596 1551 684 (significat),

100 726 299 785 meaumntar,
317 703 495 768 messimmir
509 700 724 786 (iudicamus),
742 701 933 766 laimemmar
944 700 1137 784 (audemus),
1155 699 1339 763 seuMmmur
1351 699 1552 787 (sequimur),

101 806 248 883 latratur,
282 803 405 868 latritir
431 802 625 888 (locuntur),
660 802 894 867 immccburetur
921 800 1099 886 (tractant).
1155 799 1314 887 Exempla
1341 803 1553 868 derivatorum

103 907 277 974 elidentium
303 905 447 970 vocales:
474 903 627 968 imbreeun
649 902 858 988 (eontentio),
886 903 967 990 plur.
988 903 1158 984 imbresnu',
1191 903 1323 967 crochad
1348 902 1552 988 (crucifixio),

102 1033 163 1094 gen.
188 1007 339 1088 croclthc,
369 1005 570 1072 substantiva
599 1005 633 1070 in
655 1005 761 1090 -ipud,
784 1027 855 1090 gen.
878 1005 988 1090 -2'9tlo,
1013 1005 1139 1084 -iulstho,
1163 1005 1314 1068 domusde
1335 1002 1552 1090 (mundanus),

100 1109 250 1174 tulmuude
271 1107 475 1192 (terrestris),
504 1107 642 1192 ulpuade
663 1103 837 1191 (alpinus),
868 1105 1032 1170 uitrebtln‘d
1060 1104 1265 1190 (habitator),
1294 1105 1423 1171 bethaula
1444 1105 1554 1189 (mori-

101 1211 252 1295 bundus),
282 1209 475 1296 imquhthuch
496 1207 736 1294 (vitabundus),
760 1209 900 1272 brodata
921 1205 1094 1291 (trinitas),
1124 1207 1261 1270 secbdrtu
1284 1205 1551 1294 (consequentia),

99 1311 367 1398 ueplcoagubthetu
389 1309 661 1396 (incontinentia).

174 1413 338 1479 Interdum
357 1411 446 1500 „nihil
473 1414 619 1494 interest,
648 1419 751 1476 utrum
779 1411 901 1477 voculis
928 1409 1045 1474 radicis
1076 1408 1211 1474 elidatur
1238 1433 1280 1474 an
1306 1411 1552 1478 terminationis:

98 1515 261 1601 roilgs'sidsi
285 1513 441 1600 (legistis)
466 1513 524 1580 Ml.
542 1515 592 1579 17⁸
614 1522 648 1580 et
660 1513 799 1599 Διοίιέφιιίὶ
820 1512 975 1598 (legistis)
997 1509 1072 1578 Wb.
1095 1511 1135 1575 7⁸.
1167 1511 1411 1596 t'mfoyhaidetv'tla
1431 1513 1553 1596 (usum)

99 1614 164 1680 Wb.
183 1618 224 1682 9¹.
250 1626 283 1682 et
301 1639 376 1682 mox
397 1615 508 1682 eodem
528 1615 599 1682 loco
621 1613 914 1700 aepbccnqubtbets‘d
935 1611 1236 1698 (incontinentiam).

695 1901 744 1968 Di
751 1899 950 1986 phthongi.

172 2023 374 2112 Diphthongi
401 2022 580 2089 efficiuntur
607 2021 691 2087 binis
719 2019 885 2087 vocalibus
914 2041 978 2084 una
1003 2017 1129 2104 syllaba
1151 2017 1398 2104 comprehensis.
1437 2019 1554 2087 Cuius-

99 2127 175 2192 modi
199 2126 449 2192 combinationes
473 2146 545 2206 sex,
569 2123 746 2210 dequibus
769 2121 905 2187 dubitari
929 2121 1054 2206 nequit,
1085 2131 1292 2206 procrearunt
1312 2121 1440 2206 linguae
1463 2123 1553 2186 celti-

99 2251 159 2310 cae,
180 2239 292 2316 utpote
312 2227 489 2314 principem
511 2225 654 2292 vocalem
675 2225 708 2290 A
730 2233 824 2309 atque
845 2221 1094 2288 intermediasE
1117 2221 1192 2297 etO
1215 2225 1383 2309 iungentes
1406 2245 1476 2287 cum
1499 2246 1553 2288 ex-

99 2331 199 2396 tremis
220 2329 238 2395 I
260 2339 293 2396 et
315 2328 361 2396 U:
384 2331 426 2410 ui,
446 2329 488 2410 oi,
511 2330 554 2408 εἰς
583 2352 635 2407 uu,
656 2348 706 2410 ou,
728 2348 774 2390 eu.
818 2323 910 2408 Quae
932 2323 1014 2390 aliae
1035 2325 1258 2406 inveniuntur,
1287 2347 1350 2389 una
1369 2323 1505 2390 fortasse
1526 2329 1555 2389 ie

99 2440 234 2520 excepta,
257 2432 298 2497 de
320 2431 411 2498 cuius
432 2439 546 2496 natura
566 2427 706 2493 nondum
728 2425 806 2492 satis
828 2433 963 2508 constat,
984 2424 1066 2492 nihil
1088 2435 1163 2492 sunt
1183 2427 1247 2493 uisi
1270 2426 1463 2492 variationes
1484 2426 1554 2492 illa·
1649 2443 1650 2446 ’

98 2555 169 2598 rum.
210 2532 409 2600 Manendum
431 2539 534 2596 autem
562 2537 612 2595 est
636 2551 702 2594 nou
722 2527 815 2594 modo
839 2550 857 2594 e
879 2527 1083 2614 diphthongis
1105 2531 1135 2592 ei
1155 2538 1187 2594 et
1207 2551 1246 2593 ou
1267 2529 1396 2595 vocales
1417 2529 1555 2616 produc·

98 2643 143 2700 tas
164 2635 181 2698 r*
200 2642 232 2700 et
253 2636 280 2718 l,
300 2634 318 2698 ὅ
340 2642 373 2698 et
391 2634 414 2696 ut
434 2633 562 2720 prodire
583 2631 737 2717 potuisse,
761 2629 818 2696 sed
840 2629 933 2696 etiam
956 2629 1087 2694 aliarum
1105 2631 1313 2696 mutationum
1334 2630 1419 2716 apud
1440 2628 1553 2697 Gallos

98 2733 242 2800 lactan-um
263 2735 403 2820 vestigia
423 2743 546 2815 extare,
574 2733 602 2798 si
630 2730 758 2818 quidem
782 2753 843 2797 uec
868 2739 986 2798 temere
1007 2731 1142 2798 Romani
1165 2733 1276 2815 raeda,
1304 2731 1423 2800 Graeci
1452 2731 1553 2813 ῥαῖόα

98 2833 314 2916 (Fleckeisen,
343 2837 386 2901 tu
406 2834 520 2900 amihel
542 2833 617 2918 etc.)
640 2832 849 2919 scripserunt,
872 2839 904 2898 et
929 2831 1099 2898 Teutomatt'
1116 2857 1233 2900 nomen
1254 2855 1326 2899 eum
1351 2833 1445 2900 Toeto
1467 2835 1553 2902 simi·

98 2933 238 3023 hhusque
260 2939 455 3024 coniungere
475 2936 560 3002 licet.

176 3037 324 3106 Eundem
344 3037 486 3104 ordinem
511 3036 571 3101 etsi
586 3033 667 3100 nihil
687 3033 821 3121 impedit
835 3035 1003 3122 quominus
1019 3057 1186 3121 sequamur
1206 3035 1241 3102 in
1255 3035 1365 3120 lingua
1377 3037 1551 3128 hibernica,

99 3158 175 3222 quae
194 3142 288 3208 novis
311 3141 434 3206 duabus
455 3141 489 3202 a'u
511 3147 543 3202 et
562 3161 606 3202 uu
628 3138 662 3202 in
682 3136 789 3203 locum
803 3137 988 3221 gallicarum
1009 3139 1039 3200 α’
1058 3145 1091 3202 et
1111 3159 1149 3202 ou
1172 3135 1313 3202 suffectis
1334 3137 1407 3224 ipsa
1428 3162 1553 3226 quoque

100 3261 153 3304 sex
173 3241 386 3329 diphthongos
406 3241 523 3306 habere
545 3238 665 3324 potuit:
687 3241 730 3320 ui,
752 3240 793 3320 oi,
817 3239 866 3318 iu;
889 3261 942 3318 uu,
966 3260 1019 3319 ua,
1040 3259 1095 3320 eu3
1117 3247 1224 3304 tamen
1245 3239 1481 3306 concedendum
1503 3253 1553 3308 est

97 3363 252 3410 numerum
273 3342 541 3429 diphthongorum
562 3339 804 3420 hibernicarum,
826 3347 863 3402 ut
883 3348 1010 3402 auctum
1031 3339 1203 3404 mutatione
1225 3339 1384 3405 vocalium
1406 3365 1444 3406 ac
1466 3343 1552 3408 solu-

98 3442 180 3509 tione
202 3443 452 3522 semivocalium,
479 3443 524 3506 ite
548 3441 649 3526 magis
671 3440 835 3526 magisque
857 3439 1049 3504 deminutum
1079 3464 1151 3507 esse
1173 3442 1392 3506 commixtione
1423 3451 1455 3508 et
1476 3467 1552 3509 con·

98 3547 254 3614 tructione.
311 3543 385 3626 Quo
412 3543 529 3610 fuctum
557 3552 621 3624 est,
648 3549 685 3605 ut
712 3540 822 3626 lingua
846 3541 1015 3622 hodierna,
1045 3542 1189 3628 quamvis
1217 3542 1378 3608 abundare
1407 3545 1552 3610 videatur

101 3644 312 3734 diphthongis,
342 3667 436 3712 veras
457 3655 562 3709 tamen
585 3643 775 3728 easdemque
797 3643 944 3728 antiques
971 3643 1026 3708 vix
1053 3653 1117 3708 tres
1140 3645 1330 3710 servaverit:
1360 3667 1408 3726 uo,
1432 3649 1476 3728 iu,
1498 3671 1550 3712 uu.

100 3745 231 3815 Codices
260 3748 364 3814 nostri
391 3746 508 3811 vetusti
536 3745 663 3830 signare
694 3743 799 3810 solent
819 3743 1085 3830 diphthongomm
1111 3745 1242 3812 vocales
1268 3747 1391 3833 priores
1419 3759 1552 3814 accentu

101 3858 199 3931 acuto,
219 3859 253 3915 ut
274 3853 317 3931 u'i,
334 3850 385 3930 αἰι,
409 3870 471 3934 quo
493 3846 619 3912 facibus
642 3843 862 3911 discernantur
884 3846 924 3910 ab
946 3845 1170 3912 infectionibus
1193 3845 1250 3930 (ui,
1265 3848 1333 3933 uu),
1357 3870 1438 3934 quae
1459 3871 1552 3936 regu-

100 3947 202 4016 lariter
219 3973 284 4016 nou
306 3949 482 4035 signantur.

179 4105 252 4215 Al.
286 4151 445 4240 Exempla
465 4149 582 4238 gallica
602 4159 741 4233 vetusta,
771 4174 842 4216 cum
864 4149 1000 4216 dubitari
1025 4171 1091 4215 non
1111 4152 1216 4237 possit
1238 4153 1277 4218 de
1298 4153 1473 4238 quantitate
1504 4155 1551 4220 di·

101 4252 332 4342 phthongorum,
355 4255 418 4319 iam
436 4254 512 4319 licet
526 4253 676 4339 colligere
699 4275 740 4319 ex
753 4253 899 4317 omnibus
922 4251 1139 4336 scriptoribus,
1163 4263 1199 4318 ut
1220 4275 1260 4320 ex
1280 4255 1551 4341 inscriptionibus,

101 4377 162 4421 non
183 4381 201 4424 e
219 4358 321 4445 poetis
344 4357 433 4422 solis.
478 4354 617 4440 Scriptis
639 4355 689 4420 AI
711 4355 873 4420 indubiam
895 4351 1123 4439 diphthongum
1149 4355 1257 4440 prodit
1283 4357 1317 4421 in
1343 4357 1551 4444 inscriptione

102 4445 263 4524 helvetios:
293 4457 426 4526 Corneli
446 4456 655 4523 Bilcaisionis
676 4457 720 4522 fil.
744 4479 794 4543 ap.
818 4454 916 4522 Orell.
940 4456 1015 4536 316,
1045 4455 1097 4520 cui
1117 4455 1238 4520 nomini
1266 4457 1458 4524 eonferenda
1479 4468 1553 4524 sunt

102 4555 219 4642 Guisio,
234 4559 356 4643 Guilus,
370 4557 473 4627 Oaixo
488 4557 535 4641 (n.
545 4557 643 4642 fem),
660 4557 825 4640 Saitullus,
840 4556 1057 4638 Baicorixsus,
1083 4553 1246 4642 Mosguito
1263 4556 1376 4641 (Beitr.
1388 4560 1449 4626 ΙΠ.
1465 4561 1550 4644 197),

106 4656 233 4746 denique
253 4663 338 4749 apud
360 4660 494 4746 Gregor.
517 4658 651 4726 Turum:
675 4658 881 4726 Culnoneuse
901 4667 1040 4726 castrum
1061 4658 1089 4740 (i,
1109 4660 1157 4724 13.
1200 4658 1240 4724 In
1261 4660 1313 4726 dei
1335 4663 1463 4728 nomine
1483 4662 1552 4747 Ag-

104 4763 246 4844 gannt'cus
267 4763 442 4850 (Iuppiter,
470 4759 735 4828 Orelli-Henneu
756 4760 854 4845 5612)
879 4761 1013 4827 forsitan
1038 4761 1157 4827 rectius
1186 4783 1316 4849 separes
1343 4763 1490 4845 vocales3
1518 4764 1553 4828 in

105 4859 171 4926 aliis
193 4873 226 4928 ut
242 4864 511 4951 Vulgasmuierus‚
534 4863 640 4929 vicani
660 4863 869 4944 Alticienses,
892 4863 1051 4942 Anneius,
1074 4861 1226 4944 Beduius,
1247 4863 1387 4944 Benuiu,
1409 4863 1552 4946 Licuius,

105 4959 251 5048 Pintaius,
272 4965 417 5046 Seruius,
440 4963 594 5048 Turuc'us,
617 4963 852 5046 Ulboconuius,
880 4963 1038 5030 Vercaius
1059 4962 1176 5046 Inscr,
1199 4963 1356 5046 Eccuios,
1386 4964 1553 5030 Vadnaios

105 5059 221 5129 Numm.
241 5066 350 5151 (Beitr.
373 5067 394 5132 l.
417 5067 470 5150 c),
495 5065 718 5151 Ιαρται[οςΡ]
743 5066 839 5131 inser.
856 5067 1005 5134 Nemaus.
1030 5067 1090 5132 etsi
1113 5089 1170 5153 pro
1194 5089 1337 5134 consona
1356 5069 1371 5129 ι’
1391 5067 1554 5152 accipieu·
1818 5123 1819 5156 ,

108 5163 173 5230 dam
191 5169 359 5253 putaveris,
388 5167 617 5254 diphthongum
637 5176 743 5231 tamen
765 5168 866 5252 magis
887 5167 1105 5234 commendare
1127 5169 1274 5236 videntur
1294 5177 1327 5234 et
1346 5167 1465 5233 formae
1488 5165 1552 5235 Co·
1621 5211 1787 5383 Γ

1612 5383 1627 5494 ι
