3606 5636
508 447 604 518 11.1.
636 467 825 518 mucosus
846 461 1066 522 retractaremus.¹
1359 457 1431 519 (229)
1461 456 1522 521 209

75 630 206 698 cuiusvis
231 633 373 720 generis,
401 633 538 723 denique
562 635 597 702 in
622 635 731 706 formis
758 637 872 706 INNA
899 648 931 706 et
957 637 1121 727 INNAN)
1149 649 1205 706 aut
1231 650 1326 708 aucta
1353 643 1524 712 accedente

1 783 2 786 .
75 732 171 798 media
190 733 221 799 D
244 735 296 819 (ut
315 737 350 800 in
373 759 444 824 gen.
468 739 548 826 sing.
573 748 605 806 et
624 763 707 806 nom.
728 741 808 828 plur.
831 741 958 828 generis
980 741 1148 810 masculini
1170 751 1202 809 et
1223 743 1258 808 in
1280 744 1342 810 dat.
1366 745 1447 830 sing.
1471 768 1525 811 cu·
1551 832 1554 839 Ι

1 861 2 868 ¹
75 833 167 900 iusvis
187 836 332 921 generis,
355 839 390 903 in
411 839 511 905 forma
531 839 628 926 IND)
650 865 731 929 quac
753 841 787 909 in
807 852 935 909 tenuem
956 867 1081 932 quoque
1103 843 1130 910 T
1151 845 1348 930 provehitur,
1381 847 1452 912 sive
1475 870 1525 914 aa·

76 936 172 1019 quitur
192 935 216 1004 S
238 937 273 1002 in
294 937 451 1027 principio
472 943 562 1009 uocis
583 944 817 1028 mortificanda,
848 945 916 1012 sive
942 946 1038 1033 periit
1059 945 1082 1013 S
1107 945 1283 1014 terminalis
1311 945 1365 1031 (id
1386 949 1470 1034 quod
1486 949 1526 1016 ‚iu

75 1059 148 1100 nom.
171 1039 253 1126 sing.
277 1042 444 1106 masculini
466 1045 592 1129 generis
614 1045 730 1113 factum
750 1070 822 1113 esse
844 1047 985 1113 ostendit
1006 1047 1152 1134 analogia
1181 1069 1253 1113 cum
1272 1048 1450 1136 linguarum
1472 1073 1526 1116 co-

76 1147 229 1222 gnatamm
251 1150 317 1207 tum
338 1144 463 1229 priscae
485 1147 618 1234 gallicae
641 1147 816 1236 conspicua
837 1149 871 1214 iu
893 1149 1030 1215 flexione
1050 1141 1243 1234 nominum).
1294 1147 1472 1236 Singularis
1495 1151 1526 1218 N

76 1239 302 1328 (praeterquam
323 1245 357 1309 in
377 1248 481 1313 neutri
503 1251 631 1336 generis
654 1251 849 1316 nominativo
879 1260 910 1315 et
932 1250 1113 1317 accusativo
1136 1251 1258 1316 numeri
1280 1251 1450 1337 singularis
1474 1259 1526 1319 c'a-

77 1341 170 1425 sibus,
194 1345 248 1431 qui
271 1345 446 1435 simplicem
466 1351 498 1417 N
520 1361 593 1418 aute
612 1353 756 1437 vocales,
779 1352 918 1433 medias,
945 1351 1084 1438 liquidas
1107 1361 1235 1418 servant
1260 1353 1313 1419 rel
1336 1355 1522 1440 assimilant,

76 1443 197 1511 eandem
223 1451 370 1519 amittunt
397 1460 470 1518 aute
491 1463 603 1520 munes
626 1463 658 1520 et
678 1456 851 1542 spirantes,
879 1478 943 1520 non
970 1456 1067 1542 igitur
1094 1453 1194 1521 radici
1221 1455 1279 1521 sed
1308 1455 1527 1524 terminationi

80 1546 287 1639 tribuendam)
306 1576 372 1619 non
394 1562 482 1620 extat
500 1555 564 1621 nisi
586 1555 619 1621 in
639 1557 747 1622 formis
769 1557 936 1644 aphaeresi
957 1557 1086 1623 curtatis
1109 1557 1280 1622 eorundem
1302 1580 1445 1642 casuum,
1472 1561 1527 1646 qui

80 1649 228 1738 bisyllaba
248 1656 328 1721 alias
349 1656 449 1722 forma
470 1666 607 1740 utuntur,
630 1681 668 1724 ac
691 1680 815 1746 semper
836 1659 902 1725 fere
922 1659 957 1724 in
978 1658 1041 1725 dat.
1056 1659 1147 1746 plur,
1170 1667 1224 1724 aut
1246 1681 1315 1724 cum
1336 1661 1432 1748 periit
1452 1685 1528 1728 con-

80 1773 151 1817 sona
171 1757 356 1824 terminalis.
392 1757 500 1840 Quare
523 1759 680 1847 suspicari
693 1759 777 1842 licet,
799 1757 861 1826 ND
885 1761 924 1827 ab
946 1760 1069 1848 origine
1091 1759 1131 1825 ad
1152 1759 1258 1826 thema
1278 1761 1402 1827 articufi
1422 1761 1528 1829 biber-

81 1852 137 1916 nici
156 1857 350 1942 pertinuisse
377 1883 437 1925 nec
463 1861 527 1927 nisi
550 1860 777 1927 assimilatione
803 1861 889 1928 facta
915 1863 949 1928 in
970 1863 1031 1928 NN
1060 1861 1144 1928 ctN
1170 1863 1335 1929 transisse.
1383 1865 1529 1952 Apparet

78 1965 169 2022 autern
200 1983 240 2024 ex
262 1961 362 2026 altera
389 1963 491 2029 forma
511 1963 608 2028 dativi
631 1971 663 2028 et
684 1963 872 2047 accusativi,
902 1987 982 2052 quae
1010 1963 1079 2029 sola
1106 1963 1248 2050 sequitur
1272 1965 1528 2052 praepositiones

79 2059 220 2141 quasdam
242 2061 288 2146 (a,
310 2083 374 2143 ren,
395 2067 477 2144 iarn,
499 2087 554 2129 con
576 2087 648 2132 cum
670 2065 791 2148 dat1vo,
816 2065 857 2148 la,
870 2065 934 2150 fra',
957 2067 1007 2146 tri,
1029 2077 1094 2149 tar,
1117 2088 1150 2129 co
1173 2088 1245 2130 oum
1267 2065 1461 2148 accusativo,
1480 2066 1525 2148 io,

72 2155 121 2238 for
140 2181 208 2226 cum
230 2169 365 2250 utroque
386 2188 464 2231 casu
478 2167 703 2251 constructas),
727 2165 750 2234 S
772 2190 898 2255 quoque
918 2167 1077 2254 principio
1099 2165 1222 2233 articuli
1242 2165 1402 2253 propriam
1417 2165 1526 2246 fuisse,

79 2277 149 2340 quae
170 2271 283 2348 postea
302 2264 367 2332 fere
389 2267 535 2353 perierit,
559 2279 700 2334 servetur
721 2277 826 2336 tamen
847 2276 921 2356 post
939 2269 1011 2334 illas
1033 2267 1298 2354 praepositiones.
1349 2267 1525 2335 Statuimus
1575 2295 1578 2301 ·

78 2356 164 2442 igitm
181 2361 289 2431 thema
310 2367 434 2434 articuli
457 2367 561 2438 SIND
583 2370 630 2455 (=
644 2371 768 2456 sanda),
792 2371 883 2438 cuius
905 2372 1011 2438 locum
1032 2371 1065 2436 in
1079 2393 1164 2435 nom.
1188 2381 1220 2435 et
1240 2393 1308 2438 acc.
1324 2371 1406 2458 sing.
1422 2379 1527 2437 neutr

78 2467 154 2527 tenet
174 2461 243 2531 SA.

152 2566 262 2655 Itaque
283 2567 402 2636 formae
423 2571 583 2658 pleniores
606 2579 729 2640 extant:
759 2571 845 2656 INT,
867 2573 947 2640 IND
969 2571 1116 2660 (SlND)‚
1139 2573 1219 2642 INN
1240 2573 1385 2660 (SINN),
1407 2573 1528 2658 INNA,

79 2661 217 2752 lllllAN,
240 2669 306 2735 AN
327 2671 461 2760 (SAN);
484 2675 601 2741 formae
623 2685 775 2742 curtatas:
798 2677 871 2759 NA,
893 2677 1005 2760 NAN,
1029 2676 1085 2744 SN
1095 2728 1103 2760 ,
1125 2675 1235 2742 NAIB
1258 2675 1432 2762 (SNAIB).
1478 2675 1530 2742 Ex

79 2765 122 2834 his
146 2769 256 2838 INNA
284 2773 379 2859 (NA)
407 2786 439 2841 et
466 2775 576 2844 NAIB
599 2777 763 2864 (SNAIB)
791 2801 852 2844 nec
873 2778 964 2864 ipsae
989 2777 1024 2842 iu
1046 2778 1109 2844 fine
1136 2787 1296 2844 mutantur
1325 2799 1386 2843 nec
1408 2785 1531 2843 mutant

81 2889 241 2940 murenam
270 2885 468 2962 sequentem
495 2877 643 2946 INNAN'
660 2879 785 2966 (NAN)
813 2891 845 2946 et
865 2879 929 2946 AN
952 2878 1071 2966 (SAN)
1098 2879 1241 2967 integrae
1265 2887 1435 2946 servantur
1456 2887 1530 2944 aute

81 2973 204 3058 rooles,
229 2977 366 3062 medias,
388 2979 526 3066 liquidas
549 2981 628 3066 (nisi
650 2981 735 3070 quod
755 2981 878 3048 mediae
901 2981 918 3046 b
941 2989 973 3047 et
993 2981 1124 3068 liquidis
1148 3005 1188 3064 m,
1212 2981 1232 3063 l,
1254 3005 1272 3044 e·
1293 2983 1488 3048 assimilatur
1509 3008 1531 3047 a

83 3078 270 3165 terminalis),
293 3090 367 3147 ante
383 3090 505 3148 ceteras
528 3105 685 3150 consonas
706 3083 843 3150 reiciunt
863 3109 893 3166 n,
916 3083 995 3149 nihil
1008 3091 1113 3150 tamm
1135 3092 1258 3150 mutare
1281 3084 1385 3150 solent
1405 3083 1440 3149 in
1455 3107 1531 3150 oon-

84 3195 152 3242 sona
171 3183 329 3266 proxima3
352 3183 437 3266 INT,
462 3185 551 3250 cuius
573 3187 753 3273 analogiam
773 3187 838 3252 fore
860 3185 1002 3272 sequitur
1022 3183 1102 3250 INN
1123 3184 1275 3270 (Snus),
1303 3195 1380 3250 ante
1402 3187 1530 3252 vocales

84 3279 158 3346 solas
178 3283 303 3372 integra
324 3294 476 3369 servatur,
497 3295 572 3355 aute
586 3289 759 3375 quamlibet
773 3311 944 3355 consonam
965 3287 1108 3374 privatur
1128 3309 1271 3352 consona
1291 3286 1457 3370 terminali,
1481 3310 1531 3354 se-

85 3393 218 3464 quentem
241 3397 346 3453 autem
366 3387 502 3454 litteram
523 3413 588 3456 non
608 3400 718 3457 mutat
760 3389 868 3476 Magis
889 3388 991 3456 variat
1011 3387 1091 3456 IND
1114 3385 1265 3474 (SHlD),
1289 3410 1370 3474 quae
1392 3389 1461 3454 sola
1483 3389 1531 3454 in·
1574 3455 1577 3463 .

82 3481 140 3549 licit
165 3510 336 3556 consonam
359 3499 559 3577 sequentem,
589 3503 717 3560 seruata
743 3503 815 3574 ante
836 3491 974 3579 liquidas
1003 3500 1035 3557 et
1055 3489 1275 3557 mortificatam
1287 3489 1317 3573 f
1333 3511 1372 3555 cc
1392 3490 1529 3570 vocales,

82 3589 225 3656 transiens
248 3591 284 3656 in
305 3590 382 3657 INT
404 3601 478 3658 aute
498 3616 513 3657 s
535 3605 716 3676 emortuam,
738 3594 773 3660 in
794 3593 842 3660 IN
863 3602 937 3659 aute
958 3601 1071 3658 tenues
1094 3601 1126 3657 et
1145 3591 1277 3657 medias.
1321 3589 1530 3677 Distinguen-

85 3685 135 3770 ἆορ
155 3691 248 3778 igitur
270 3701 346 3758 sunt
368 3693 594 3761 collocationes
616 3707 689 3762 ante
710 3706 833 3778 tenues,
857 3705 930 3760 ante
952 3693 1087 3776 medias,
1111 3701 1183 3758 aute
1205 3692 1356 3780 liquidas,
1380 3700 1453 3756 ante
1473 3713 1530 3758 vo-

83 3789 167 3874 cales,
192 3803 266 3860 ante
287 3815 302 3857 s
324 3804 357 3860 et
371 3795 402 3880 f.
445 3793 497 3861 De
519 3783 606 3862 duali
628 3820 667 3863 ac
689 3797 727 3862 de
749 3795 881 3862 ablativi
901 3795 1046 3881 reliquiis
1069 3792 1151 3858 infra
1172 3801 1292 3879 agetur.

157 3889 290 3961 Schema
312 3899 424 3962 autem'
438 3895 573 3981 articuli
595 3897 794 3985 probandum
816 3897 969 3984 deinceps
993 3894 1148 3984 exemplis
1174 3917 1192 3960 e
1214 3893 1378 3960 codicibus
1400 3893 1529 3978 nostris,

85 4001 127 4057 est
144 3992 253 4064 hocca:

743 4083 851 4170 Sing.
1077 4117 1080 4122 ·

406 4199 508 4269 Maso.
750 4199 838 4268 ch.
1082 4197 1193 4264 Neutr.

269 4301 364 4368 Nom.
393 4305 451 4384 iat,
472 4305 506 4367 in
726 4303 791 4384 aad,
813 4303 849 4366 io
1070 4323 1121 4378 aa,
1143 4323 1164 4364 a

271 4401 354 4469 Gen.
389 4405 455 4492 iod,
476 4403 511 4467 ia
725 4405 812 4485 iona,
832 4426 876 4466 aa
1068 4401 1134 4482 aad,
1154 4403 1189 4464 in

270 4503 345 4570 Dat.
390 4505 501 4588 (abaci,
523 4504 604 4586 (sabi
729 4504 843 4588 (a)od,
867 4503 946 4585 (at)a
1073 4499 1182 4581 (adad,
1207 4501 1288 4584 (aa)o

269 4607 350 4674 Acc.
386 4607 499 4689 (a)ion,
521 4607 603 4689 (3)ιή
727 4605 840 4688 (sfinn,
863 4604 944 4690 (θέοι
1070 4605 1171 4690 (s)on,
1194 4604 1274 4684 (s)a.

745 4792 852 4860 Plur.

269 4909 362 4978 Nom.
381 4913 448 4995 iad,
468 4913 503 4978 ἐπ
723 4915 810 4995 inco,
832 4933 876 4976 aa
1068 4909 1154 4987 icoo,
1175 4929 1219 4970 aa

271 5012 354 5080 Gen.
389 5017 527 5097 (defflere,
551 5013 659 5109 (infla

270 5115 345 5182 Dat.
389 5117 518 5201 (smalh,
541 5115 648 5200 (a)oab
711 5115 746 5181 in
766 5115 867 5182 tribus
890 5111 1071 5200 generibus.

244 5201 350 5285 Aac.
385 5221 474 5301 inno,
489 5219 578 5302 (effla

146 5333 233 5402 Zsass,
250 5353 353 5394 assus.
375 5353 453 5394 crau.
489 5337 540 5390 lto.
557 5333 591 5390 11.
