3678 5650
458 383 573 452 111.1.
607 399 820 449 rusmouusn
840 379 1013 447 veressus
1035 392 1251 476 numerosa.
1344 380 1413 444 <412
1426 381 1488 442 41³)
1520 378 1580 442 411
1626 435 1635 447 ,

121 575 235 660 partim
258 572 386 659 supplet
400 571 558 638 defectum
572 569 678 636 futuri.
714 569 753 635 In
775 567 1006 655 imperativi
1026 566 1135 632 formis
1158 567 1293 632 semotis
1315 564 1510 632 concordant
1523 565 1584 630 lin·

120 697 203 760 guae
224 673 358 740 celticae
379 697 452 741 cum
474 673 563 755 aliis,
587 671 772 740 discordant
792 681 897 738 autem
916 669 1069 736 varietate
1089 668 1346 734 terminationem
1368 666 1583 748 infinitivi,

120 778 175 863 qui
190 776 351 863 principio
367 784 417 842 est
431 774 530 841 solius
546 775 724 861 praesentis
740 773 844 854 activi,
868 784 900 838 et
914 772 1090 849 secuudum
1103 772 1222 836 formae
1237 770 1424 836 varietatem
1447 779 1479 836 et
1492 793 1585 834 usum

123 879 233 966 potius
255 886 305 943 est
326 877 496 943 dicendum
517 877 752 942 substantivum
771 875 910 941 verbale.
961 873 1188 959 Participia
1217 880 1326 936 extant
1347 871 1470 958 passivi
1492 893 1583 958 prae·

119 981 207 1048 teriti
229 988 261 1046 et
279 979 498 1058 necessitatis,
521 978 579 1044 sed
600 978 721 1042 nullum
741 977 856 1058 activi,
879 1000 920 1042 ne
942 975 1120 1062 praesentis
1143 974 1284 1061 quidsm3
1314 982 1389 1039 sunt
1409 983 1515 1038 tamen
1536 973 1585 1038 hi-

121 1081 272 1165 bernicae
294 1089 440 1146 vetustae
461 1076 582 1144 formae
603 1079 751 1165 propriae
772 1079 934 1158 relativas,
957 1076 1136 1165 praesentis
1159 1085 1190 1141 et
1203 1075 1299 1140 futuri
1321 1074 1392 1159 (vix
1406 1073 1584 1161 praeteriti)
1603 1097 1609 1108 ¹

121 1183 288 1270 utriusque
306 1181 437 1262 numeri,
461 1202 542 1266 quae
563 1181 803 1267 participiorum
824 1179 890 1246 fere
911 1180 983 1246 vice
1005 1179 1186 1264 funguntur.
1229 1175 1280 1241 De
1301 1198 1451 1258 numero,
1474 1196 1583 1261 perso-

118 1285 182 1367 nis,
204 1285 303 1350 verbo
320 1283 424 1349 activo
440 1281 607 1346 transitivo
630 1290 663 1346 et
675 1281 877 1348 intransitive
899 1280 951 1346 vel
965 1288 1086 1356 neutm,
1108 1299 1190 1364 quae
1211 1277 1318 1342 omnia
1333 1287 1409 1341 sunt
1429 1275 1517 1340 utin
1532 1297 1584 1340 ce-

117 1387 199 1452 teris
213 1385 340 1472 linguis,
363 1405 428 1449 nou
443 1383 593 1468 estquod
608 1393 811 1464 memoretur,
833 1391 956 1448 tautum
971 1379 1187 1446 adnotandum
1202 1388 1252 1444 est
1272 1378 1433 1465 propriam
1452 1376 1585 1442 formam

118 1488 305 1555 reflexivam
327 1484 473 1552 celticam
502 1505 568 1550 non
589 1486 690 1571 magis
718 1507 791 1551 esse
818 1485 908 1551 verbi
936 1504 1031 1570 quam
1052 1479 1265 1568 pronominis,
1293 1489 1325 1545 st
1351 1479 1509 1547 actionem
1535 1503 1585 1544 re-

118 1589 269 1656 flexivam
291 1587 343 1654 vel
364 1585 560 1672 reciprocam
582 1586 718 1652 iudicari
740 1596 795 1652 aut
813 1584 1014 1673 pronominis
1027 1581 1189 1648 communi
1204 1581 1305 1648 forma
1326 1581 1395 1646 eius
1417 1603 1585 1666 personae,

118 1713 203 1776 quae
229 1692 264 1755 iu
291 1709 327 1755 se
354 1688 435 1774 agit,
463 1697 518 1752 eut
548 1687 706 1774 particula
731 1690 790 1752 irn-
817 1685 1010 1773 praeposita.
1064 1683 1214 1770 Denique
1237 1682 1320 1748 sicut
1340 1682 1483 1764 nomina,
1512 1689 1587 1748 sont

119 1792 217 1856 etiam
243 1789 341 1856 verbs
367 1789 525 1876 quaedam
553 1811 573 1854 a
598 1789 757 1854 communi
783 1789 933 1854 flexionis
962 1785 1073 1872 regula
1093 1783 1290 1866 recedentia,
1319 1792 1383 1848 mm
1411 1783 1584 1864 hibernica,

121 1915 219 1978 quam
246 1890 441 1972 britannica,
473 1889 556 1957 iuter
586 1913 667 1977 quae
695 1892 826 1957 verbum
848 1887 1082 1956 substantivum
1112 1909 1178 1951 non
1204 1885 1307 1952 solum
1333 1884 1500 1952 formarum
1528 1885 1586 1952 sed

118 1995 217 2059 etium
237 1993 382 2058 radicum
403 1992 558 2059 varietate
579 1992 753 2078 praecellit.
966 2072 970 2081 ¹

204 2093 305 2180 Viget
324 2115 382 2180 per
401 2102 559 2180 tempora,
583 2109 665 2182 quae
686 2095 945 2174 memoravimus,
967 2091 1092 2157 flexio
1113 2090 1360 2176 personalis,
1391 2111 1451 2156 sus
1473 2111 1584 2177 quam·

116 2221 182 2283 que
205 2217 374 2284 personam
395 2197 618 2262 terminatione
642 2195 837 2282 significans,
861 2196 913 2260 cui
936 2195 1065 2280 saepius
1086 2203 1162 2259 uota
1175 2194 1406 2280 pronominalis
1428 2193 1584 2280 amplians

117 2298 165 2384 (p.
184 2297 276 2382 324),
305 2297 408 2364 rarius
430 2319 606 2384 pronomen
628 2297 797 2385 personale
817 2298 924 2383 ipsum
946 2296 1086 2376 additum
1118 2319 1200 2383 quae
1222 2296 1316 2362 flexio
1339 2305 1389 2361 est
1409 2297 1585 2362 communis

117 2400 264 2464 affinium
292 2398 472 2485 linguarum
499 2400 648 2465 omnium.
698 2397 780 2466 Sunt
808 2409 913 2465 autem
939 2399 1004 2464 iam
1031 2401 1065 2463 in
1093 2401 1229 2466 vetustis
1257 2399 1468 2465 monumentis
1495 2399 1587 2464 initia

115 2500 268 2587 propriae
302 2501 468 2568 cuiusdam
494 2502 674 2588 linguarum
705 2501 887 2568 colticarum
920 2501 1116 2567 flexionis
1149 2502 1447 2588 impersonalis,
1481 2501 1584 2586 magis

114 2602 285 2688 magisque
313 2603 541 2669 invalescentis
576 2605 610 2668 in
640 2604 787 2670 dialectis
819 2603 1065 2690 recentioribus3
1100 2625 1157 2688 per
1189 2625 1284 2689 quam
1314 2604 1483 2670 flexionem
1516 2603 1586 2668 sola

115 2704 215 2768 tertis
236 2704 391 2790 cuiusque
413 2707 566 2792 temporis
588 2723 728 2792 persona
749 2703 922 2790 singularis
938 2705 1114 2786 adhibetur,
1137 2713 1262 2772 ceterae
1284 2729 1441 2793 personae
1461 2705 1585 2792 signifi-

114 2811 233 2870 cantur
271 2805 388 2871 additis
403 2816 407 2825 '
422 2807 662 2893 pronominibus
696 2806 928 2894 personalibus.
982 2803 1076 2886 Quae
1103 2807 1294 2892 pronomina
1323 2807 1428 2892 infigit
1459 2815 1586 2874 vetuste
1635 2831 1638 2840 ·

112 2907 229 2992 lingua
249 2906 283 2970 in
298 2909 431 2993 passivo
445 2909 513 2975 solo
536 2909 717 2994 (hibernica
738 2907 836 2976 etiarn
857 2908 890 2972 in
905 2907 995 2973 verbi
1018 2907 1211 2973 substantivi
1231 2907 1341 2974 formis
1363 2909 1584 2995 quibusdam);

111 3009 212 3073 buius
229 3030 304 3072 vero
319 3009 447 3094 generis
468 3009 563 3076 flexio
586 3011 748 3096 primitiva
767 3009 948 3096 personalis
968 3010 1099 3096 propria
1120 3009 1177 3074 ills
1190 3028 1400 3096 personarum
1422 3009 1584 3095 siguifica-

113 3109 205 3174 tioue
221 3108 285 3174 iam
300 3109 420 3176 destrui
442 3121 558 3198 coepta
573 3121 623 3178 est
643 3119 707 3178 tam
729 3113 764 3176 in
779 3120 905 3178 νωτιαῖα
919 3111 1091 3192 hibernica,
1115 3133 1196 3198 quae
1217 3111 1306 3176 iuxta
1326 3112 1453 3176 tertiam
1474 3113 1585 3198 singu-
1661 3173 1664 3178 .

109 3210 192 3276 laris
213 3212 336 3278 numeri
358 3213 484 3278 tertiam
506 3214 639 3299 pluralis
668 3215 726 3280 sed
747 3236 812 3279 nou
833 3221 956 3278 ceteras
986 3213 1021 3277 in
1044 3212 1204 3278 communi
1226 3236 1286 3277 usu
1307 3213 1462 3294 servavit,
1490 3235 1586 3298 quum

108 3313 145 3378 in
170 3312 341 3395 cambrica,
365 3337 447 3401 quae
470 3315 570 3380 solam
592 3315 659 3381 fere
680 3315 807 3381 tertiam
830 3313 1000 3400 singularis
1022 3315 1162 3380 retinuit.
1205 3311 1377 3379 Recentior
1398 3314 1509 3399 lingua
1530 3314 1585 3378 ad-

109 3415 194 3480 dens
221 3413 341 3480 formas
370 3417 590 3502 pronominum
617 3416 781 3482 absolutas
811 3415 851 3480 ad
881 3416 1013 3480 verbum
1040 3416 1153 3481 tertiae
1179 3437 1351 3501 personae,
1386 3437 1451 3479 non
1482 3413 1585 3480 solum

108 3516 145 3580 in
173 3516 307 3602 passivo
334 3518 393 3583 sed
420 3517 515 3584 etiam
546 3519 580 3582 in
607 3517 727 3598 activo,
762 3539 887 3582 omnem
913 3516 1082 3584 flexionem
1111 3517 1311 3603 personalem
1338 3515 1410 3602 plus
1438 3516 1586 3582 minusve

111 3617 266 3705 perdidit

203 3717 234 3784 E
256 3718 422 3805 particulis
444 3721 575 3786 verbum
599 3720 825 3785 comitantibus
851 3721 1027 3786 communis
1050 3721 1215 3807 utriusque
1237 3719 1365 3806 linguae
1395 3727 1445 3785 est
1466 3743 1530 3784 una
1551 3741 1586 3784 ro

113 3827 196 3884 note
217 3819 354 3885 actionis
376 3819 551 3905 perfectae,
575 3841 763 3907 quamquam
786 3821 867 3887 haec
889 3823 961 3907 ipsa
983 3823 1091 3888 deficit
1111 3831 1215 3888 estote
1236 3821 1426 3902 recentiore;
1455 3822 1490 3887 iu
1513 3821 1584 3886 aliis

108 3921 320 4007 temporibus
344 3920 490 3986 diversae
511 3917 739 3988 inveniuntur.¹

723 4130 859 4138 m*—
870 4129 910 4137 η...-
929 4130 948 4136 .—
955 4129 975 4136 .-

413 4259 442 4335 Ι.
481 4259 745 4337 Particulae
771 4261 979 4337 verbales
1006 4261 1286 4340 hibernicae.

200 4427 285 4496 Sunt
305 4427 367 4496 RU
390 4429 457 4513 (ro)
481 4439 513 4494 et
534 4427 597 4495 ΝΠ
621 4430 690 4515 (oc)
713 4439 807 4497 uotae
831 4430 969 4497 usitatae
991 4431 1048 4496 illa
1069 4429 1203 4496 actionis
1225 4429 1402 4514 perfectae,
1427 4430 1507 4495 haec
1533 4431 1581 4494 in-

107 4531 216 4596 fectae
239 4529 403 4616 (inficiens
419 4530 578 4620 unaque),
602 4553 735 4616 quarum
757 4532 844 4619 prior
865 4531 1061 4598 hauddubie
1084 4529 1382 4616 ciusdemoriginis
1398 4532 1488 4596 cuius
1511 4553 1583 4618 par-

108 4632 214 4697 ticula
235 4631 398 4698 intensiva
425 4631 481 4716 (cf.
506 4633 770 4718 compositionem
795 4631 1020 4720 particularum
1042 4631 1197 4716 insepsr.)
1226 4632 1419 4697 conferenda
1440 4655 1511 4698 esse
1535 4631 1583 4695 vi-

108 4733 205 4805 detur
228 4755 299 4798 oum
320 4732 373 4797 lat.
391 4755 480 4818 pro·,
504 4741 568 4818 got.
586 4733 661 4817 fra-
683 4735 729 4821 (p.
746 4734 822 4819 67),
844 4730 1003 4821 posterior
1025 4743 1162 4818 cognata
1182 4756 1297 4819 graeco
1322 4733 1389 4814 νῦν,
1412 4733 1466 4799 lat.
1489 4755 1581 4814 ncnc,

97 4844 172 4920 ¹got.
196 4858 251 4898 ou.
948 4891 950 4896 .

191 4933 256 5002 ΒΗ
283 4933 493 5024 (plerumque
514 4959 563 5018 ro,
595 4937 714 5002 rariore
741 4959 802 5004 nec
823 4939 902 5004 satis
925 4947 1013 5004 certe
1032 4938 1134 5003 forms
1154 4937 1215 5022 ro)
1242 4945 1319 5004 nota
1346 4931 1492 5004 actionis'
1511 4961 1582 5022 per·

104 5039 225 5118 fectae,
260 5039 481 5126 praeterito
511 5040 712 5125 potissimum
740 5039 863 5120 addite,
898 5041 1063 5132 praecedit
1095 5049 1168 5106 ante
1202 5040 1334 5106 verbum
1364 5040 1514 5127 simplex,
1548 5040 1582 5106 in
1637 5043 1642 5056 '

106 5141 206 5206 verbo
231 5139 411 5226 composito
434 5141 601 5208 intromitti
624 5141 707 5207 solet
727 5151 802 5227 post
823 5141 1103 5227 praepositionem.
