3678 5650
275 337 336 402 394
369 342 439 404 (³98·
453 344 512 404 399)
590 339 633 404 Π.
656 343 685 404 4.
719 358 820 407 enos.
842 359 1080 408 amriumomr
1099 361 1423 410 nsuousrssmvuu.

276 530 359 614 patri
389 531 443 615 qui
465 529 581 594 iniuria
601 529 733 594 effeetus
755 529 819 613 est)
848 528 915 595 MJ.
932 531 1018 596 36ss
1053 553 1089 596 en
1108 553 1191 616 poan
1208 553 1249 615 ρο
1270 531 1531 616 berry...ameuz
1557 533 1598 594 da
1616 532 1747 616 ροοιτορ1

276 630 326 714 (in
350 631 542 717 supplicium
564 631 649 716 quod
669 631 749 696 mihi
771 642 821 697 est
834 632 1035 719 patiendum)
1051 635 1129 699 571).
1156 657 1198 696 aa
1219 651 1308 696 mora
1328 653 1386 716 ροοι
1406 653 1445 716 pe
1464 631 1543 715 Ιιοοορ
1564 633 1607 696 da
1625 633 1752 718 ponzas

275 744 325 794 net
347 759 367 796 a
381 743 500 795 mennet
521 733 583 817 lup
607 733 707 814 (mors
729 731 846 818 frigida
867 757 960 819 quam
982 736 1049 821 pati
1072 735 1196 800 sineere
1218 735 1315 798 vultis
1330 734 1405 818 vos)
1421 733 1498 798 aaa.
1525 755 1587 819 poa
1605 733 1678 820 plen
1701 758 1741 797 an

276 834 334 896 den
359 855 398 918 ρο
426 835 482 898 dra
504 836 582 920 laoy
611 857 642 898 οο
667 835 745 914 vs'zif
763 836 856 919 άοοιρ
878 847 1004 920 οναροοοτ
1032 835 1111 920 (vae
1136 837 1232 924 plene
1258 835 1379 900 homini
1405 858 1465 920 per
1491 855 1586 921 quem
1610 835 1743 900 indubie

277 933 427 1019 prodarl)
443 935 522 1000 aab.
551 959 592 998 an
615 937 672 1016 nes
689 957 774 999 aaron
790 957 832 1021 ρο
853 957 889 1000 οη
911 937 989 1021 tany
1010 957 1040 1000 οο
1063 959 1099 1000 eu
1121 937 1263 1000 ordrenet
1283 936 1421 1020 (eaelum
1435 934 1609 1002 ineundum
1630 937 1742 1021 inquo

278 1043 329 1098 est
351 1035 544 1120 ordinatum)
561 1037 636 1101 372.
663 1057 701 1120 ρο
721 1036 796 1120 bairy
818 1038 893 1101 562.
937 1035 1156 1102 Pleonastioe:
1180 1035 1262 1102 Iasus
1278 1039 1396 1122 ροΙιοπρ
1416 1060 1474 1122 nep
1497 1062 1517 1102 a
1532 1039 1662 1120 οῖοοροοι
1681 1039 1742 1120 tay

236 1141 240 1147 ’
279 1133 322 1217 (1.
346 1157 440 1221 quem
463 1137 615 1221 quaeritis
630 1136 706 1220 vos)
724 1137 783 1202 185
791 1160 819 1201 a.
862 1137 1022 1203 Pluralem
1043 1139 1172 1224 supplet
1187 1161 1229 1224 ρο
1249 1160 1296 1202 re:
1319 1162 1361 1201 ao
1381 1138 1491 1202 scribet
1511 1139 1575 1202 toa
1594 1139 1744 1222 prelladet

279 1235 350 1298 brus
373 1258 415 1320 ρο
436 1257 488 1300 re.
504 1286 530 1301 ..
551 1237 615 1300 dua
636 1255 723 1298 mosa
743 1237 812 1320 plus
839 1260 876 1302 ea
897 1238 1017 1302 ἰοοιοναο
1047 1239 1187 1322 (scribae
1216 1249 1247 1304 et
1270 1240 1452 1306 sacerdotes
1480 1238 1593 1305 summi
1620 1238 1676 1324 qni
1703 1239 1742 1302 ad

237 1365 239 1370 2
277 1345 409 1402 mortem
432 1337 561 1402 lividam
585 1359 655 1402 eum
677 1337 847 1422 miserunt)
869 1340 965 1403 2072.
1009 1339 1089 1405 Item
1110 1339 1220 1404 hodie:
1238 1341 1284 1423 pe'
1302 1339 1378 1420 tini,
1398 1340 1480 1425 plur.
1491 1339 1591 1425 pe're'.

360 1438 412 1506 De
434 1438 567 1504 relativo
590 1438 777 1524 pronomine
799 1439 924 1504 infinito
938 1441 1111 1524 palpennae
1131 1441 1223 1506 trium
1239 1441 1443 1507 dialeetorum
1459 1440 1616 1507 oommnni
1633 1439 1743 1504 videas

276 1539 359 1606 intra
379 1539 455 1624 (sub
472 1537 528 1624 E).

678 1725 719 1790 D.
758 1725 993 1793 Pronomina
1015 1727 1339 1793 demonstrativa.

360 1843 548 1909 Britannica
576 1845 766 1931 pronomina
787 1845 1035 1912 demonstrativa
1067 1847 1128 1911 etsi
1156 1847 1197 1910 ad
1219 1867 1313 1910 unam
1338 1846 1406 1911 fere
1433 1846 1573 1912 radieem
1599 1846 1739 1924 redeunt,
1816 1890 1818 1924 7

277 1945 410 2012 eandem
432 1969 514 2032 quae
535 1956 625 2032 patet
646 1969 686 2012 ex
706 1947 770 2014 hib.
787 1971 825 2028 se,
848 1971 891 2029 ao,
912 1949 960 2012 sin
982 1949 1055 2032 (sair,
1077 1947 1173 2032 aaut),
1198 1948 1386 2034 supplentes
1407 1958 1516 2013 tamen
1538 1947 1621 2013 sieut
1641 1947 1742 2014 hiber·

278 2050 353 2115 nisa
381 2058 413 2114 et
435 2060 591 2135 augentur
613 2050 774 2115 adverbiis
795 2051 987 2136 quibusdam
1013 2050 1120 2116 variae
1141 2048 1262 2115 formae
1285 2058 1317 2114 et
1338 2049 1491 2134 originis3
1520 2069 1620 2135 quare
1641 2047 1741 2114 hiber-
1817 2115 1818 2128 ,

278 2152 371 2217 nieae
391 2152 562 2218 formarum
583 2152 728 2218 varietati
751 2175 816 2218 non
838 2153 971 2217 nimium
993 2153 1080 2217 aedit
1099 2151 1287 2217 britannias.

363 2252 609 2320 (lumbricum
629 2277 806 2341 pronomen
828 2257 885 2339 (s'a,
907 2257 969 2334 lio,
990 2253 1056 2338 ille)
1082 2273 1179 2318 maso.
1207 2251 1320 2332 HUN,
1348 2249 1504 2334 HWNN,
1534 2253 1606 2318 fem.
1636 2251 1738 2331 HON,
1817 2243 1818 2260 ²

276 2353 420 2436 HONN,
450 2358 532 2442 plur.
560 2356 609 2438 (et
627 2356 747 2440 neutr.)
769 2355 879 2438 HYN,
908 2357 1037 2422 HYNN
1064 2357 1172 2444 (quam
1200 2355 1332 2421 formam
1358 2352 1514 2420 Demetae
1544 2377 1603 2442 pro
1631 2355 1741 2422 estana

278 2479 406 2546 quoque
429 2459 656 2541 substituunt),
683 2459 752 2525 sire
774 2460 952 2526 absolutum
975 2470 1025 2524 est
1046 2459 1115 2526 sive
1131 2457 1333 2524 subiunctum
1355 2457 1567 2539 substantivo,
1589 2467 1652 2522 tam
1673 2457 1742 2521 sim·

280 2561 355 2647 plex
376 2561 592 2647 (respondens
607 2561 661 2628 lat.
678 2562 742 2646 tic)
764 2560 925 2627 invenitur
947 2583 1042 2646 quam
1064 2561 1161 2626 afine
1176 2567 1303 2625 auctum
1316 2557 1423 2624 roeali
1445 2557 1660 2644 (respondens
1681 2559 1741 2624 lere

277 2663 333 2727 lat.
355 2661 432 2746 ille).
476 2661 566 2727 Idem
588 2663 769 2728 absolutum
792 2672 846 2728 aut
867 2663 936 2728 sine
952 2663 1083 2728 articulo
1107 2670 1254 2727 autenm
1270 2657 1403 2726 articulo
1419 2659 1595 2742 adhibetur,
1619 2661 1737 2726 diversa

279 2771 387 2828 tamen
410 2763 653 2848 significatione.
1816 2767 1817 2850 l

357 2863 516 2930 Absolute
539 2868 677 2947 positum
699 2867 769 2932 sine
790 2865 938 2946 articula,
967 2865 1142 2951 respondet
1159 2863 1325 2930 hibernien
1349 2861 1424 2924 ride.
1475 2859 1579 2929 Maso.
1610 2863 1741 2949 simplex
1815 2857 1817 2946 l

276 2965 374 3050 (hiep
400 2989 459 3030 noe
480 2969 632 3032 adeuarod
653 2971 716 3053 dyo
737 2989 847 3033 arnano
869 2967 947 3031 elan
968 2967 1102 3052 ebwedpl
1122 2963 1318 3052 oethedspaclt
1336 2985 1376 3026 ao
1397 2964 1489 3026 lano
1511 2964 1624 3048 airyoet
1645 2964 1736 3050 (quod

276 3088 369 3132 nemo
385 3089 523 3152 unquam
546 3067 627 3132 dixit
641 3069 681 3133 de
697 3091 732 3134 se
746 3068 818 3154 ipse
833 3072 1046 3134 narrationem
1061 3065 1279 3132 infaustiorem
1296 3066 1370 3148 hae)
1393 3064 1481 3130 Mab.
1502 3068 1528 3144 l,
1547 3067 1601 3146 10;
1623 3075 1734 3130 suetum
1816 3067 1817 3082 ¹

277 3165 381 3250 (ille):
406 3167 534 3232 alanna
556 3191 591 3231 eu
614 3171 693 3254 οᾰροο
716 3193 752 3233 as
772 3170 872 3233 temer
893 3170 942 3253 (et
956 3170 1011 3236 ille
1028 3169 1185 3235 esthemo
1208 3167 1284 3253 quid
1305 3166 1338 3230 id
1360 3166 1490 3253 resipit)
1509 3165 1590 3252 Leg.
1606 3168 1634 3248 2,
1654 3169 1734 3246 1,1ἳ.

277 3291 297 3330 α
317 3268 431 3350 lautas
450 3271 506 3332 oed
526 3270 646 3333 tonna
674 3270 722 3352 (et
743 3280 819 3336 natu
842 3272 988 3335 minimus
1012 3278 1081 3336 erat
1099 3269 1169 3350 ille,
1198 3267 1359 3351 Ebraons)
1382 3266 1469 3332 Mab.
1497 3272 1524 3349 l,
1547 3268 1618 3334 235.
1659 3267 1732 3332 Fen.

276 3376 419 3433 anetum:
449 3368 570 3435 otorano
591 3371 740 3455 αροῖοιορο
761 3392 984 3457 οηονοοροοροορο
1006 3371 1055 3456 (et
1075 3370 1131 3434 illa
1152 3379 1285 3435 voeatur
1306 3367 1545 3454 virgo-mulier)
1567 3368 1644 3454 [reg.
1666 3369 1690 3447 2,
1708 3371 1728 3444 1,

277 3471 327 3533 75.
362 3491 404 3554 up
425 3469 544 3556 eliplefi
570 3469 646 3533 kerd
665 3469 765 3555 bpatal
793 3495 814 3535 a
835 3473 935 3536 bonno
962 3473 1074 3557 οἱνροοι
1100 3469 1180 3554 (non
1202 3469 1311 3534 audivi
1340 3478 1468 3534 cantum
1497 3491 1599 3555 aeque
1625 3469 1730 3534 duloen

279 3577 374 3655 atque
395 3569 485 3636 illum
507 3572 661 3657 unquam)
676 3571 762 3638 Mab.
781 3576 807 3655 l,
825 3576 854 3638 9.
897 3571 984 3636 Plur.
1007 3581 1149 3642 anetum:
1173 3572 1268 3634 otene
1289 3571 1416 3656 aetpupr
1435 3569 1579 3656 postera
1600 3591 1616 3634 ο
1635 3569 1730 3652 trapa

278 3669 327 3756 (et
348 3671 394 3736 illi
415 3679 571 3738 voeantur
592 3672 761 3740 comitatus
775 3673 878 3760 regis)
892 3673 970 3759 Leg.
991 3677 1060 3756 1‚4,
1080 3677 1107 3737 1.
1151 3672 1262 3737 Neutr.
1286 3670 1437 3758 simplex:
1461 3697 1481 3736 a
1503 3671 1566 3756 tyn
1587 3668 1736 3754 adpraedaf

274 3773 335 3858 ptri
353 3775 404 3858 pei
431 3771 479 3856 (et
499 3771 533 3837 id
556 3771 627 3838 dieo
648 3772 706 3838 tibi
730 3772 805 3858 Gai)
830 3773 918 3840 Mab.
944 3777 1026 3856 1,4;
1058 3783 1201 3840 suetum:
1229 3772 1349 3856 abysos
1375 3771 1430 3836 aa
1460 3793 1518 3834 aar
1549 3770 1599 3854 (et
1624 3771 1656 3836 id
1675 3769 1732 3834 siue
1815 3773 1816 3828 i

277 3874 372 3959 auro)
392 3871 472 3958 Lag.
490 3873 564 3953 1,3‚
583 3876 610 3936 1.
637 3874 738 3959 ροιοᾱρ
760 3875 869 3960 tanny,
893 3875 966 3939 ortt
985 3875 1085 3961 tanny
1107 3874 1245 3961 (postea
1268 3872 1454 3959 propterea)
1480 3873 1557 3954 l,6,
1576 3875 1602 3936 1.
1627 3873 1691 3950 1,7,
1707 3872 1729 3932 1.

283 3997 322 4038 or
342 3974 456 4060 Ιοροοοιρ,
478 3997 530 4037 am
549 3974 653 4059 Ιορπηρ
675 3972 822 4057 (exinde,
844 3977 1028 4062 propterea)
1051 3974 1140 4042 Mab.
1158 3977 1278 4056 1,4.a.
1295 3976 1325 4040 8.

364 4073 511 4140 Positum
533 4095 604 4140 oum
627 4076 836 4157 substantivo,
860 4077 912 4141 eui
932 4077 1098 4162 praeeedit
1119 4075 1288 4156 articulus,
1310 4075 1417 4162 ipsum
1438 4097 1569 4163 quoqne
1589 4085 1652 4140 tam
1671 4073 1732 4138 sim·

281 4175 356 4262 plex
379 4195 473 4258 quam
495 4176 599 4241 vocali
622 4185 758 4257 suetum,
780 4179 956 4263 respondet
976 4171 1041 4244 hib.
1063 4201 1109 4257 οο,
1130 4199 1180 4258 οο,
1203 4177 1260 4241 ain.
1303 4175 1421 4242 Mass:
1450 4199 1472 4262 ρ
1494 4175 1631 4259 etmedpl
1648 4175 1732 4243 aaa,

279 4295 318 4340 or
341 4275 478 4360 clwedyl
497 4277 566 4340 twa
588 4277 743 4361 (narratio
758 4277 847 4362 haee,
872 4288 904 4345 et
916 4303 948 4344 n.
964 4279 1059 4363 haee)
1074 4277 1161 4344 Mab.
1180 4281 1207 4360 1,
1229 4279 1275 4342 10.
1295 4281 1343 4342 11.
1361 4277 1410 4344 38.
1441 4299 1531 4364 propr
1551 4277 1639 4362 ρὺρτ
1658 4275 1733 4338 luas

278 4375 355 4459 (viri
378 4375 473 4440 buius
496 4378 621 4460 mundi)
642 4383 667 4458 l,
683 4381 712 4442 6.
739 4401 779 4464 ρν
799 4381 912 4465 presidi
933 4380 1025 4444 laona
1048 4378 1139 4464 (huie
1154 4377 1300 4463 elamori)
1318 4383 1345 4460 1,
1364 4379 1418 4458 163
1439 4399 1476 4440 en
1496 4396 1537 4460 ρν
1559 4395 1656 4440 anna
1671 4373 1733 4459 plan

278 4479 385 4542 tunna
416 4476 524 4560 (saoro
547 4477 602 4542 illo
624 4480 782 4566 tempore)
810 4480 889 4566 Lag.
913 4480 1011 4568 praef.
1048 4502 1086 4542 ar
1106 4501 1127 4563 ρ
1148 4479 1213 4543 koet
1233 4480 1354 4544 twonro
1381 4477 1493 4564 (super
1516 4477 1630 4542 silvam
1648 4472 1733 4554 illan)

278 4578 366 4645 Mab.
389 4582 417 4659 1,
434 4580 464 4644 6.
499 4579 587 4664 ydan
606 4601 628 4662 ρ
646 4601 749 4664 prena
770 4581 888 4646 lwnnw
910 4581 986 4666 (sub
1009 4581 1067 4646 illa
1088 4580 1216 4665 arbore)
1241 4583 1269 4660 1,
1285 4583 1314 4646 8.
1358 4579 1463 4644 Fam:
1492 4591 1648 4664 yvotaup
1667 4577 1733 4640 lana
1814 4577 1815 4642 ss

280 4679 380 4766 (huno
403 4679 569 4763 annulum)
592 4679 679 4745 Mab.
699 4683 726 4762 1,
745 4685 794 4747 11.
825 4707 869 4767 pa
888 4705 929 4768 ρο·
949 4705 1027 4768 papa
1048 4682 1130 4745 bonu
1152 4679 1202 4763 (in
1223 4681 1284 4746 hae
1304 4679 1426 4764 insula)
1452 4683 1478 4760 1,
1495 4681 1568 4746 246.
1601 4702 1639 4766 pr·
1659 4679 1733 4740 dau

280 4785 362 4848 toan
385 4785 433 4868 (in
456 4783 539 4849 bane
563 4784 687 4868 arbem)
706 4788 732 4866 l,
749 4787 824 4872 2903
849 4808 887 4849 or
907 4809 928 4871 ρ
951 4785 1037 4869 Ηροοοι
1061 4783 1139 4848 bono
1161 4783 1210 4866 (in
1231 4782 1576 4869 illapalude)1,244.
1603 4801 1637 4846 ar
1656 4775 1732 4860 oydia

280 4885 381 4950 loono
403 4886 459 4970 (ab
487 4887 543 4952 ille
566 4885 707 4971 agmine)
731 4887 760 4968 1,
778 4889 848 4956 378.
883 4886 1101 4974 paseleano
1124 4884 1197 4970 (illa
1217 4887 1327 4966 noste)
1353 4889 1379 4966 l,
1400 4886 1430 4949 6.
1447 4883 1608 4950 2711190.
1647 4880 1731 4946 Plu:

283 5007 321 5048 ur
340 5007 380 5069 ρν
404 4990 584 5052 anaiueiles't
606 4989 700 5073 lyon,
722 5009 762 5052 aa·
780 5011 820 5074 ρο
842 4989 1021 5054 anniaet'les't
1043 4987 1149 5072 lynny
1170 4986 1283 5074 (super
1296 4987 1386 5068 haee,
1410 4985 1467 5052 illa
1482 4985 1642 5068 animalia)
1661 4977 1733 5047 Mab.

283 5091 311 5166 1,
328 5089 356 5150 7.
386 5109 424 5149 ur
442 5091 592 5174 ροοοαροά
613 5090 718 5174 Ιορτιιορ
740 5089 788 5173 (et
800 5090 951 5156 mulieres
972 5087 1063 5173 illae)
1081 5091 1108 5171 l,
1126 5091 1175 5154 37.
1204 5111 1240 5154 en
1256 5101 1427 5174 etemorpeu
1448 5089 1550 5173 tarny
1571 5085 1647 5170 (illis
1665 5092 1731 5146 tan·
1813 5155 1814 5158 Ἴ
