3622 5646
120 371 128 381 ’
187 413 189 420 v
275 381 337 447 314
368 340 509 447 (311310
603 379 647 446 Π.
671 381 699 445 3.
732 398 929 447 numnam
952 393 1158 446 emulorum
1181 394 1396 445 oenomaum.

274 570 335 636 viri
358 570 400 635 ad
415 569 536 656 septies
553 570 699 650 vicenos;
726 568 815 652 150),
838 565 1001 634 deducetur
1021 567 1156 650 orficba't
1177 567 1302 653 (decem
1317 565 1378 632 viri
1401 565 1442 632 ud
1456 565 1587 652 viginti)
1601 565 1660 636 SM
1684 571 1724 634 18.

274 672 371 740 Gen:
396 671 585 736 deiolenboir
606 671 708 737 Inscr.
725 695 775 757 ap.
792 671 838 740 St
855 671 906 734 72.
1408 753 1416 768 ι

357 773 492 838 Formae
513 773 609 840 realis
632 797 727 838 unum
749 772 927 858 exemplum
949 769 1142 840 invenimus:
1173 775 1202 836 7.
1221 775 1291 836 iana
1306 769 1419 839 sectuib
1447 771 1497 855 (in
1519 771 1725 858 Heptadibus)

273 875 342 943 SM.
359 876 430 941 252.
461 875 604 956 Ceteras,
628 873 765 942 siluerit
779 895 1089 962 earumprogressus
1105 875 1191 940 ultra
1204 874 1308 942 dictos
1322 897 1482 954 numeros,
1499 875 1647 942 conicere
1659 876 1726 942 licet

273 981 302 1042 5.
326 977 445 1059 odictbc,
468 979 498 1040 6.
520 989 603 1059 aute,
627 979 656 1044 8.
679 979 763 1042 ocbte
784 987 844 1043 etc.
896 1055 900 1063 .

690 1401 735 1476 II.
772 1399 1028 1477 Numerelie
1052 1399 1326 1475 britannica.

358 1587 384 1648 1.
419 1585 575 1651 Numeri
598 1587 842 1654 cardinales.
876 1588 949 1653 Non
972 1595 1023 1652 est
1035 1585 1206 1651 formarum
1219 1607 1278 1671 pro
1294 1583 1465 1670 generibus
1488 1584 1660 1650 diversitas
1672 1585 1727 1650 uisi

270 1685 304 1749 in
330 1686 471 1752 numeris
492 1686 625 1754 II-IV.
658 1688 864 1776 Frequenter,
886 1697 923 1753 ut
941 1687 1108 1770 adiectira,
1130 1687 1243 1752 ineunt
1261 1685 1525 1774 compositionem
1548 1707 1619 1750 oum
1639 1686 1728 1750 noni·

270 1786 375 1868 nibus,
398 1809 587 1874 quamquem
609 1811 706 1876 saepe
729 1799 876 1877 separata
898 1799 948 1856 est
969 1791 1110 1879 scriptio,
1134 1812 1235 1876 genus
1258 1796 1291 1854 et
1310 1810 1459 1854 numerus
1481 1787 1694 1873 distinguitur.

355 1887 633 1957 Substantivorum
655 1893 853 1978 sequentium
873 1902 949 1980 post
961 1917 1046 1958 num.
1062 1892 1097 1958 H
1116 1892 1217 1958 forma
1238 1889 1353 1970 dualis,
1376 1911 1459 1975 quae
1482 1889 1660 1956 britannice
1681 1890 1727 1954 vix

271 2014 410 2078 unquam
425 1991 530 2059 differt
551 2017 570 2059 e
585 1995 748 2080 singulari,
772 2017 869 2082 supra
883 1996 1030 2081 exposita
1044 2004 1095 2060 est
1110 1995 1157 2080 (p.
1174 1991 1267 2077 280);
1290 1993 1368 2059 item
1389 1991 1520 2080 propria
1542 1992 1728 2058 constructio

269 2117 471 2160 numerorum
496 2096 561 2161 iam
587 2096 662 2162 inde
684 2119 704 2162 a
723 2095 777 2162 III
798 2119 869 2164 cum
892 2096 1100 2164 substantivis
1122 2095 1220 2177 facta,
1250 2117 1314 2181 qua
1343 2094 1383 2159 ab
1406 2093 1539 2160 abarum
1559 2093 1728 2180 linguarum

270 2195 501 2264 consuetudine
523 2199 685 2285 discrepat
699 2198 810 2284 lingue
830 2200 1017 2282 britannice,
1040 2197 1228 2286 praesertim
1243 2196 1402 2264 cambrice
1424 2196 1471 2281 (p.
1487 2195 1577 2280 283).
1612 2196 1653 2262 Ιιι
1674 2220 1730 2282 qua

270 2299 364 2367 flexio
387 2302 513 2366 interne
534 2297 714 2382 adhibetur,
738 2301 766 2366 si
789 2301 819 2367 ei
839 2302 930 2370 locus
953 2312 1016 2383 est3
1045 2302 1096 2368 sin
1117 2302 1238 2384 minus,
1271 2299 1373 2366 forma
1394 2297 1663 2366 substantivorum
1684 2322 1729 2364 ea·

270 2404 343 2469 dem
364 2404 535 2484 invenitur,
559 2425 642 2489 quae
664 2411 714 2468 est
734 2406 857 2470 numeri
880 2406 1061 2492 singularis,
1085 2415 1180 2491 atque
1201 2412 1237 2468 ut
1257 2409 1332 2488 post
1352 2423 1518 2468 numerum
1539 2399 1574 2466 Π
1597 2401 1729 2488 singula·

269 2507 344 2587 live,
367 2514 403 2570 ut
423 2505 487 2571 iam
508 2505 543 2570 in
564 2505 662 2591 gloss.
687 2505 748 2572 Ox.
772 2515 805 2572 et
825 2509 895 2574 cod.
917 2507 1039 2574 hictu:
1069 2506 1245 2572 mibuoeiat
1264 2504 1391 2570 termo
1413 2501 1561 2589 (triginta
1581 2503 1728 2588 sextarii),

269 2609 410 2673 ducant
431 2609 512 2672 tortb
540 2606 765 2694 (quodraginta
785 2610 918 2695 penes),
947 2611 1090 2674 douceiat
1108 2607 1286 2674 aunuum
1312 2605 1547 2692 (quadraginta
1575 2605 1658 2672 disci
1679 2607 1729 2672 bu-

269 2710 357 2794 tyri),
382 2719 413 2775 et
426 2709 461 2775 in
476 2710 631 2796 exemplis
653 2710 714 2776 sub
729 2708 789 2774 ΠΙ.
805 2711 863 2776 lv.
879 2711 922 2777 V:
946 2713 1005 2775 teir
1028 2733 1107 2796 pope
1128 2709 1209 2794 (tres
1224 2709 1364 2790 insulem
1386 2709 1430 2796 pl.
1444 2707 1588 2794 ynyead),
1609 2711 1729 2794 pcduar

268 2812 441 2876 marobuwc
462 2812 626 2897 (quattuor
648 2811 785 2899 equites3
808 2813 851 2898 pl.
866 2811 1090 2900 murcbopt'oo),
1110 2813 1218 2898 pedeir
1232 2811 1392 2876 meillcaeo
1414 2809 1581 2894 (quattuor
1601 2811 1726 2878 trifolio:
1796 2847 1797 2886 ι

265 2913 367 2978 forms
388 2913 606 2999 singulatim).
656 2913 810 2980 Eiusdem
830 2914 950 2981 formae
973 2915 1118 3000 exemplu
1138 2913 1282 2981 cornicar
1313 2924 1364 2998 try
1387 2913 1471 2998 spur
1494 2923 1544 2998 try
1565 2914 1663 2999 deyck,
1685 2925 1727 2997 up

264 3016 334 3079 utu
354 3015 437 3099 (tres
460 3015 555 3099 dies),
578 3027 628 3102 tyr
647 3017 773 3102 posttea
793 3015 874 3101 (tres
897 3016 1052 3098 arbores),
1076 3027 1126 3101 tyr
1144 3017 1253 3102 quelea
1274 3015 1355 3101 (tres
1377 3014 1520 3100 vir'gae);
1543 3017 1725 3082 aremorica:

266 3127 316 3200 try
335 3137 413 3202 puer
434 3115 511 3200 (tria
531 3116 653 3202 verba),
677 3130 743 3202 tepr
762 3129 854 3203 ytron
875 3119 956 3202 (tres
973 3116 1145 3202 dominae),
1169 3119 1229 3182 seiz
1239 3139 1326 3203 poco
1343 3116 1483 3202 (septem
1504 3116 1655 3201 poenae),
1675 3118 1727 3180 aei:

263 3217 368 3302 perlat
389 3215 528 3304 (septem
550 3218 708 3305 peccata).
756 3218 837 3285 Post
857 3219 939 3285 boec
959 3228 1066 3284 tamen
1088 3219 1291 3286 substantive
1316 3217 1392 3283 addi
1419 3226 1557 3302 possunt
1578 3217 1728 3284 adiect'va

266 3319 426 3385 cambriae
444 3319 564 3384 formes
592 3320 735 3406 pluralis.
780 3322 888 3407 Atque
910 3321 1052 3406 ipsorum
1068 3319 1341 3387 substantivorum
1361 3318 1463 3384 forma
1484 3318 1617 3406 plurulis
1638 3319 1727 3384 inter·
1795 3381 1796 3400 ,

265 3420 339 3484 dum
360 3419 523 3486 invenitur
545 3431 581 3486 ut
601 3422 635 3486 in
650 3421 716 3489 his:
741 3425 799 3488 teir
819 3422 975 3506 cbwioryd
995 3421 1075 3506 (tres
1098 3420 1240 3506 sorores)
1256 3419 1343 3486 Mab.
1362 3422 1389 3501 l,
1406 3421 1478 3484 275.
1503 3421 1613 3504 pedeir
1630 3443 1726 3506 prora-
1795 3407 1796 3414 ¹

263 3521 324 3607 ped
345 3543 383 3586 ar
403 3522 529 3608 luquint
550 3521 606 3606 (24
628 3523 794 3608 mulieres)
816 3527 842 3605 1,
860 3523 912 3589 36.
941 3544 1039 3608 pump
1058 3523 1205 3609 puruped
1226 3521 1387 3586 beotiam
1408 3521 1567 3608 (quinque
1588 3521 1726 3586 mulieres

265 3622 430 3707 gravidae)
453 3625 481 3704 3,
499 3626 571 3690 301.
599 3625 637 3691 ef.
661 3649 699 3688 ar
718 3626 867 3712 prurcped
887 3624 990 3709 bpaey
1012 3621 1062 3707 (et
1082 3621 1230 3688 mulieres
1251 3621 1329 3706 hae)
1354 3624 1383 3704 1,
1401 3619 1469 3686 37?
1512 3619 1726 3690 substantivo-

265 3747 337 3790 rum
357 3723 605 3809 frequentiorum
628 3727 692 3812 dpd
706 3725 818 3811 (dies),
842 3725 984 3810 blwydyo
998 3722 1133 3810 (annus)
1155 3723 1379 3789 memorandae
1401 3731 1477 3791 sunt
1491 3723 1639 3810 propriae
1661 3736 1726 3808 post
1794 3803 1795 3814 ἵ

265 3848 418 3892 numeros
439 3827 558 3892 formae
586 3829 677 3909 diere,
701 3827 823 3914 bipaed:
861 3828 976 3890 eruut
996 3825 1076 3910 (tues
1099 3824 1185 3909 dies)
1211 3823 1290 3910 Leg.
1314 3826 1343 3906 2,
1362 3827 1410 3906 11,
1428 3827 1457 3891 9.
1482 3825 1532 3888 23.
1567 3847 1631 3888 nau
1653 3825 1725 3896 ulcu,
1794 3815 1795 3838 ¹

265 3951 335 3991 acro
356 3931 428 3992 aiau
450 3928 581 4012 (novem
602 3928 688 4012 dies)
710 3928 788 4012 Lep.
804 3928 832 4008 2.
852 3929 900 4007 11,
919 3931 947 3991 7.
969 3925 1057 3992 Mab.
1074 3927 1102 4006 2,
1120 3927 1192 3990 241.
1219 3929 1278 3990 teir
1299 3927 1410 4012 blyrwd
1429 3925 1512 4008 (tres
1534 3925 1625 4009 anni)
1645 3921 1725 3989 Mat.

267 4031 294 4109 1,
311 4029 361 4093 21.
377 4029 427 4094 25.
464 4030 540 4093 aeitb
561 4028 684 4115 odyned
703 4028 843 4114 (septem
865 4025 956 4110 anni)
979 4031 1008 4109 2,
1033 4028 1102 4092 198.
1119 4028 1190 4092 212.
1207 4028 1279 4093 376.
1307 4030 1337 4108 3,
1359 4027 1411 4092 29.
1434 4028 1485 4094 98.
1502 4028 1576 4092 272.
1608 4029 1726 4112 paueat

264 4131 368 4216 meiat
388 4129 512 4215 oelyned
532 4130 590 4213 (80
612 4129 703 4213 anni)
725 4130 822 4210 3,98.
840 4131 910 4195 100.
947 4129 997 4198 Of.
1020 4129 1072 4193 bio
1093 4127 1243 4212 (vacuus)
1266 4151 1365 4214 supra
1385 4137 1593 4196 memoratum
1613 4150 1642 4214 p.
1659 4127 1723 4190 294.

178 4287 179 4290 ,
265 4229 404 4296 Additur
418 4231 575 4295 interdum
590 4253 648 4315 per
662 4231 987 4317 circumscriptionem
1008 4238 1084 4317 post
1095 4229 1234 4316 priorem
1248 4229 1382 4296 formam
1397 4230 1539 4317 vulgaris
1554 4229 1649 4316 plena
1662 4225 1724 4313 plu-

154 4319 177 4352 '⁹
265 4330 358 4396 ralis:
380 4332 491 4416 puceu
513 4335 556 4396 tri
577 4333 680 4396 cbawr
700 4333 815 4418 opewri
834 4345 932 4398 attam
954 4331 1095 4416 (iverunt
1116 4339 1181 4396 tres
1205 4329 1352 4417 gigantes
1374 4339 1485 4396 contra
1498 4331 1578 4416 nos)
1600 4328 1683 4396 llub.
1698 4327 1723 4406 2,

265 4435 315 4497 57.
345 4433 543 4528 deuuawweub
565 4455 582 4497 o
602 4437 726 4498 wemma
741 4434 850 4518 eulpon
872 4431 1107 4518 (duodeviginti
1128 4430 1219 4518 pueri
1233 4432 1349 4517 macri)
1367 4436 1393 4513 1,
1411 4433 1482 4498 250.
1511 4431 1624 4496 deudec
1642 4429 1723 4491 brea·

263 4534 318 4597 bia
343 4535 507 4619 arbupeint
528 4536 713 4600 corenttncd
733 4557 890 4599 eormrauo
912 4535 968 4618 (32
991 4555 1084 4619 reges
1106 4532 1265 4617 coronati)
1280 4535 1310 4616 3,
1326 4535 1399 4600 263.
1429 4531 1574 4600 Tractmi
1588 4550 1723 4596 nummos

265 4645 299 4700 ut
321 4634 523 4701 substantive
545 4635 721 4720 singularia
741 4636 921 4702 masculine
942 4657 1015 4700 cum
1036 4635 1200 4700 intellectu
1222 4635 1406 4716 collectivo,
1434 4643 1524 4720 patet
1545 4655 1587 4700 ex
1606 4633 1654 4698 luis
1676 4655 1723 4696 eu·
1792 4633 1793 4664 ¹

269 4737 397 4822 emplis:
421 4757 460 4798 cr
475 4738 590 4821 trydpd
611 4738 724 4802 ebwecb
738 4785 745 4802 .
759 4788 765 4802 .
779 4757 818 4802 ar
836 4739 1008 4822 pedroyryd
1029 4737 1145 4802 rlweob
1166 4739 1299 4822 (agmen
1313 4759 1462 4804 senarum
1476 4737 1647 4824 puellarum
1667 4745 1723 4798 ter-

264 4837 352 4920 tium,
377 4839 538 4923 quartum)
554 4837 641 4904 Mab.
661 4843 687 4920 1,
703 4840 733 4906 4.
763 4841 824 4904 dou
841 4841 942 4924 pioip,
967 4841 1010 4902 tri
1027 4841 1123 4924 pium,
1141 4851 1274 4924 perpuor
1293 4841 1379 4923 pimp
1401 4837 1460 4923 (gl.
1476 4837 1540 4905 duo
1555 4837 1595 4918 V,
1616 4835 1673 4904 ΠΙ.
1688 4833 1721 4912 V,

268 5091 457 5223 liubitfflbbm
472 5097 568 5162 purete
585 5113 643 5150 cum
661 5110 739 5150 sensu
751 5095 896 5150 collective:
913 5093 993 5165 yatyd
1009 5111 1024 5146 o
1042 5094 1120 5148 wreic
1138 5095 1278 5149 cautious
1295 5097 1372 5166 (quae
1389 5097 1452 5152 sunt
1465 5094 1588 5150 mulieres
1600 5095 1721 5166 gravidae)
