3684 5648
573 1637 792 1760 hlBlllt
821 1637 1119 1750 PRIMUS.

723 2063 788 2146 llll
813 2063 975 2147 SONlS.

194 2229 275 2298 Soni
297 2232 425 2318 linguae
446 2229 586 2310 celticae,
610 2253 691 2316 quae
714 2239 764 2295 est
786 2253 826 2296 ex
839 2254 970 2296 numero
992 2231 1170 2315 linguarum
1191 2229 1291 2295 Asiae
1313 2205 1515 2316 et'Europae
1537 2230 1578 2295 ab

43 2321 45 2328 ’
110 2331 222 2396 eadem
250 2333 372 2418 origine
401 2331 624 2418 prosectarum,
652 2331 686 2394 in
714 2331 786 2396 aliis
814 2331 942 2417 quidem
969 2331 1166 2397 concordans
1194 2355 1265 2396 cum
1286 2331 1415 2412 ceteris,
1444 2331 1478 2395 in
1508 2330 1580 2395 aliis

108 2433 244 2518 propria
271 2443 304 2498 et
326 2434 376 2498 sui
398 2433 539 2518 generis,
567 2453 754 2518 quamquam
777 2432 851 2518 ipsa
872 2455 1012 2518 quoque,
1041 2455 1082 2498 ex
1103 2455 1165 2518 quo
1189 2434 1310 2519 scripta
1336 2441 1445 2498 extant
1469 2455 1581 2495 monu-

108 2541 227 2614 menta,
250 2534 285 2596 in
307 2535 369 2599 duo
391 2533 559 2600 formarum
580 2555 698 2619 genera
720 2533 825 2598 divisa
846 2543 904 2614 est,
928 2534 1059 2599 alterum
1080 2533 1285 2616 hibernicum,
1310 2535 1441 2600 alterum
1462 2533 1582 2598 britan·

108 2635 219 2700 uicum
242 2635 461 2720 gallicumque,
486 2635 569 2700 sicut
589 2633 700 2719 lingua
721 2634 795 2719 ipsa
815 2635 918 2700 omnis
940 2659 1010 2701 cum
1026 2635 1175 2700 universe
1198 2644 1374 2721 congruant
1397 2656 1467 2700 oum
1490 2633 1581 2697 sonis

35 2756 38 2769 ’
108 2746 290 2801 ceterarum
311 2737 489 2822 linguarum
518 2735 673 2817 affinium,
696 2737 825 2821 proprie
852 2744 958 2802 tamen
978 2735 1153 2801 formantur
1179 2759 1218 2802 ao
1239 2746 1398 2802 mutantur
1426 2736 1493 2799 suis
1517 2733 1580 2798 viis

32 2866 37 2893 ι
109 2847 143 2901 et
163 2838 304 2922 legibus.
349 2835 492 2918 Quorum
515 2858 665 2900 sonorum
685 2845 751 2902 tarn
771 2837 912 2922 origines
936 2859 1029 2922 quarn
1050 2836 1246 2904 formationis
1269 2839 1358 2924 leges
1375 2857 1494 2915 eruere,
1518 2833 1582 2898 ele-

108 2949 220 3002 menta
240 2938 338 3023 igitur
360 2947 392 3002 et
412 2939 504 3023 quasi
527 2938 662 3002 stamina
683 2939 811 3022 linguae
834 2940 1013 3024 utriusque,
1036 2937 1220 3004 hibernicae
1243 2948 1275 3004 et
1298 2938 1507 3018 britannicae,
1531 2957 1586 3000 ex-

30 3084 35 3097 .
110 3060 234 3122 ponere
258 3039 455 3125 propositum
475 3039 570 3105 nobis
593 3048 643 3103 est
661 3038 724 3104 hoe
745 3037 825 3106 libro
848 3040 959 3125 primo.

197 3137 355 3204 Sonorum
378 3140 470 3225 signa
490 3141 511 3204 i.
533 3163 561 3206 e.
583 3141 721 3220 litterae,
752 3162 791 3203 ex
814 3162 875 3226 quo
897 3141 964 3205 fere
984 3141 1151 3207 traduntur
1172 3139 1307 3225 gallicae
1330 3160 1428 3208 voces
1450 3136 1503 3202 vel
1524 3157 1583 3199 no·

109 3239 199 3303 mina
222 3237 418 3321 aRomanis,
445 3263 570 3326 semper
593 3264 632 3306 ex
647 3264 710 3327 quo
732 3240 858 3306 transiit
880 3241 1053 3308 christiana
1066 3242 1178 3328 religio
1202 3241 1389 3306 aRomanis
1404 3239 1445 3304 ad
1460 3237 1582 3316 Gallos,

109 3337 297 3420 Britannos,
320 3338 499 3422 Hibernos,
529 3365 659 3407 romana
681 3350 755 3406 sunt
777 3343 828 3406 vel
849 3343 961 3426 latina,
990 3365 1071 3430 quae
1093 3343 1178 3430 apud
1198 3341 1363 3408 Hibernos
1384 3340 1447 3404 iam
1469 3338 1543 3402 inde
1565 3361 1585 3401 a

27 3468 31 3494 ι
108 3437 244 3502 saeculo
267 3438 376 3524 quinto
399 3442 526 3527 proprie
547 3441 680 3508 formata
701 3453 733 3508 et
753 3451 955 3529 bansgressa
977 3445 1017 3509 ad
1031 3445 1156 3530 Anglos
1180 3453 1212 3509 et
1226 3442 1372 3510 Saxones
1393 3462 1510 3506 nomen
1532 3461 1584 3503 ac-

26 3548 31 3563 '
111 3547 273 3624 ceperunt
293 3539 487 3608 litteraturae
502 3543 779 3629 anglosaxonicae.
823 3545 909 3608 Ante
930 3544 1052 3610 litteras
1073 3545 1132 3610 has
1154 3543 1340 3610 aRomanis
1365 3541 1498 3606 traditas
1521 3538 1585 3604 cel·

26 3781 31 3843 l

19 3853 31 4031 l

106 3639 185 3705 ticis
210 3661 337 3726 quoque
358 3643 486 3727 populis
515 3667 604 3709 suam
625 3643 726 3708 firisse
748 3643 935 3729 scripturam
955 3647 1066 3712 testari
1089 3646 1214 3712 uidetur
1234 3667 1350 3710 nomeu
1375 3641 1479 3727 Opmir'
1507 3640 1585 3706 Gal-

106 3741 214 3804 lorum
238 3741 299 3821 dei,
323 3743 377 3827 qui
393 3745 549 3810 sermonis
571 3767 703 3830 praeses
716 3743 910 3830 perhibetur,
934 3745 1113 3812 etiamnunc
1129 3754 1289 3840 servatum
1311 3738 1583 3831 apuffihernos,

106 3841 232 3926 quibus
263 3840 361 3928 Opma
392 3833 620 3929 (=’'Oy,utoo)
650 3845 823 3930 scripturae
849 3844 998 3911 inventor
1026 3857 1088 3929 est,
1121 3845 1219 3932 Opem
1247 3843 1409 3931 (Optare,
1444 3841 1583 3930 Optem)

104 3941 220 4026 ipsius
243 3941 418 4027 scripturae
441 3953 586 4008 vetustae
608 3945 770 4030 proprium
792 3965 910 4031 genus,
939 3948 1025 4012 etin
1046 3947 1183 4012 vetustis
1203 3945 1346 4031 lapidum
1366 3944 1586 4029 inscriptioni-

106 4041 171 4104 bus
193 4051 354 4126 repertum
378 4052 410 4107 et
424 4045 585 4129 cognitum
607 4045 750 4109 codicum
772 4055 950 4112 nostrorum
973 4047 1092 4112 saeculi
1114 4047 1192 4112 noni
1208 4044 1444 4132 scriptoribus*
1486 4044 1585 4130 Apud

180 4295 194 4320 ·
215 4291 253 4346 (tt
271 4295 380 4363 praelat
397 4294 429 4348 de
447 4295 501 4349 cod.
519 4295 689 4376 Sangallensi.
725 4297 762 4350 Ds
784 4297 872 4368 Opaca,
890 4298 1010 4351 Elathani
1027 4296 1088 4358 filio,
1106 4296 1248 4416 scripuras
1265 4296 1402 4349 nuenurc
1419 4295 1450 4348 ci.
1469 4309 1536 4363 quae
1553 4309 1584 4344 ex

107 4365 198 4415 vetere
221 4361 308 4414 codice
331 4363 460 4416 hibernico
483 4364 595 4432 prodidrt
618 4365 771 4419 O'Donovan
799 4365 927 4430 (Gramm.
951 4367 1011 4446 ling.
1030 4366 1127 4418 hibern
1183 4363 1294 4416 troduct.
1319 4363 1456 4427 XXVIII,
1479 4367 1531 4415 not
1550 4365 1584 4426 e).

105 4431 166 4482 Scri
188 4433 251 4482 tura
268 4432 367 4499 ogmica
385 4431 479 4484 codicis
503 4431 545 4500 Sg.
565 4437 605 4485 est
621 4435 720 4501 generis
738 4435 850 4487 maxima
868 4449 1012 4488 communis
1030 4435 1097 4496 eius,
1122 4433 1190 4502 quod
1213 4432 1331 4500 depingit
1354 4431 1448 4486 O'Don.
1472 4431 1584 4494 (Introd.

104 4447 226 4562 xnlss)
250 4502 278 4549 et
294 4499 451 4566 appellatum
473 4499 536 4552 dicit
564 4499 660 4568 Ophom
679 4502 773 4555 crootlr
798 4504 984 4572 (“virgulare“,
1009 4501 1084 4554 modo
1107 4502 1232 4553 iacentem
1257 4501 1395 4552 asinistra
1417 4499 1449 4551 ad
1467 4499 1585 4550 dextram

105 4566 330 4618 combinationem
354 4583 456 4619 omnem
477 4567 506 4619 in
524 4568 606 4620 altum
629 4572 751 4636 erexeris3
777 4571 879 4634 crucht,
898 4573 993 4635 arbor).
1037 4570 1084 4622 Est
1101 4573 1188 4622 autem
1210 4569 1297 4637 potius
1314 4569 1411 4620 lineare
1428 4568 1476 4620 hoc
1493 4579 1583 4634 mnus,

0 4638 1 4647 ’
105 4649 173 4687 cum
190 4634 226 4686 ad
244 4635 339 4686 lineam
356 4638 426 4687 recte
444 4636 549 4688 ductam
568 4641 658 4704 utpote
675 4639 873 4692 tundamentum
890 4640 923 4691 ab
940 4643 1052 4707 utraque
1063 4641 1145 4706 parte,
1163 4637 1229 4690 iutra
1246 4642 1273 4690 et
1285 4652 1371 4704 supra,
1389 4635 1497 4688 lineolae
1514 4635 1583 4696 item,

1 5092 6 5182 l

106 4705 137 4754 et
157 4701 231 4756 reric
249 4717 356 4756 numero
373 4705 401 4756 et
417 4703 556 4756 directione
576 4706 645 4756 saria
663 4705 763 4759 litteras
781 4708 865 4760 varias
882 4708 1059 4774 dannanus,
1084 4707 1253 4766 adhaereant,
1279 4720 1343 4773 quas
1361 4705 1488 4756 linearum
1507 4703 1584 4754 carel-

104 4769 149 4824 las
175 4769 220 4822 dei
307 4771 322 4783 ‘¹
346 4771 444 4823 catellis
466 4771 574 4825 forsitan
595 4772 690 4842 aliquis
715 4777 906 4844 comparaverit.
949 4775 986 4828 Do
1003 4775 1051 4827 deo
1069 4775 1157 4843 Ogmio
1179 4774 1255 4842 plura
1272 4773 1393 4842 leguntur
1411 4769 1585 4840 apudLucia-

104 4853 175 4890 num
195 4838 248 4900 (ed
286 4837 337 4890 'nd
357 4855 382 4906 p.
398 4843 455 4892 598.
470 4841 547 4904 tta),
566 4843 610 4907 qui
629 4856 686 4893 eum
704 4843 767 4895 dicit
784 4844 812 4895 in
829 4842 913 4912 figens
924 4843 1041 4896 Herculis
1058 4843 1197 4910 depictum,
1217 4845 1330 4892 attamen
1349 4853 1465 4892 sermone
1483 4841 1585 4890 tantum

103 4911 135 4958 et
154 4905 325 4974 persuasione
342 4907 442 4970 fortem,
460 4922 560 4972 senam,
579 4907 723 4962 habentem
742 4911 845 4964 turbam
863 4911 989 4964 catenulis
1007 4911 1092 4962 aureis
1108 4913 1135 4961 et
1153 4910 1279 4962 succineis
1297 4925 1311 4960 e
1329 4908 1417 4975 lingua
1434 4922 1482 4960 sua
1499 4906 1585 4958 ductis

103 4975 142 5026 ad
167 4989 247 5028 aures
271 4973 420 5028 auditorum
443 4975 556 5029 libenter
579 4978 749 5045 sequentium.
797 4979 837 5032 En
858 4979 965 5032 Luciani
988 4979 1066 5032 rerba
1093 4978 1161 5046 ipsa:
1204 4975 1261 5028 Τὸν
1275 4973 1413 5041 Ἡρακλέα
1438 4977 1464 5028 ot
1486 4979 1585 5028 Κελτοὶ

2 5064 7 5067 ·
96 5039 254 5112 Ὄγμιον
274 5041 442 5109 ὀνομάζουσι
458 5047 537 5116 φωνῇ
551 5047 581 5116 τῇ
595 5047 741 5132 inspector,
762 5047 790 5099 ro'
805 5049 835 5100 dt
849 5043 922 5106 εἶδος
934 5051 983 5100 τοῦ
997 5051 1064 5100 θεοῦ
1078 5044 1153 5098 πάνυ
1163 5042 1314 5099 ἀλλόκοτον
1326 5038 1478 5112 γράφουσι.
1496 5048 1585 5110 γέρων

102 5109 188 5164 {ortt
215 5107 312 5170 αὐτοῖς
334 5111 361 5170 rc
383 5107 414 5163 τὸ
436 5111 554 5180 ἔσχατον
631 5116 674 5164 aul
696 5133 790 5168 narra
815 5119 925 5184 μᾶλλον
948 5111 1114 5182 ἧἩρακλέα
1138 5107 1206 5167 εἶναι
1227 5108 1263 5166 ἂν
1281 5107 1428 5170 εἰκάσειας.
1451 5111 1520 5164 ἀλλὰ
1539 5114 1586 5163 καὶ

1 5190 2 5204 ’
102 5179 240 5240 τοιοῦτος
265 5173 306 5232 ὧν
328 5178 384 5247 ἔχει
409 5175 484 5250 ὅμως
507 5179 558 5248 τὴν
576 5179 679 5247 σκευὴν
699 5185 750 5236 τοῦ
763 5181 935 5256 Ἡρακλέους.
966 5187 1013 5237 καὶ
1036 5181 1093 5253 γὰρ
1112 5181 1163 5248 τὴν
1180 5183 1322 5252 διφθέραν
1339 5181 1453 5247 ἐνῆπται
1470 5177 1521 5246 τὴν
1538 5181 1587 5231 τοῦ

179 5283 280 5345 Zanes,
298 5296 403 5335 emur.
425 5297 503 5338 orm.
538 5283 590 5337 Ea.
607 5281 639 5335 Π.
1367 5285 1381 5332 1
