3684 5648
594 403 671 512 131.
707 422 887 476 corsorum
909 421 1084 474 murrona.
1444 409 1496 472 (⁴⁸)
1527 408 1567 472 39

120 588 181 653 feri
210 589 337 656 diverso
363 613 493 677 prorsus
519 591 613 663 modo
641 599 673 658 et
699 593 857 660 contrario
883 590 919 657 in
947 599 1081 678 chaque
1106 591 1230 676 lingna,
1243 589 1422 656 khibernica
1447 600 1478 656 st
1504 593 1568 658 bri-

116 690 243 755 tannica.
280 691 362 756 Nam
383 691 417 757 in
439 691 575 758 dialecto
598 693 740 760 codicum
762 705 942 760 nostrorum
963 692 1128 758 hibernica
1148 713 1359 758 consonarum
1381 700 1483 760 status
1504 696 1568 781 pri-

116 791 210 858 stinus
233 801 376 860 servatur
403 803 435 859 et
463 794 502 860 ab
526 793 697 860 infectione
719 795 897 861 defenditur
918 793 1095 881 positione,
1118 794 1139 859 i.
1158 817 1183 859 e.
1216 793 1284 860 sive
1305 795 1433 861 iunctae
1462 819 1567 862 sectun
1596 816 1601 828 ⁹

116 903 182 956 sunt
201 895 331 960 eaedem
352 895 605 982 (geminatione),
629 897 698 962 sive
721 897 867 963 diversae
887 895 939 960 vel
960 895 1101 960 eiusdem
1123 896 1176 960 vcl
1190 896 1386 962 diversarum
1409 897 1567 979 classium,
1591 900 1597 926 ¹

115 1004 146 1058 nt
163 995 303 1082 liquidae
323 1007 398 1084 post
417 997 571 1082 liquidas,
600 999 722 1064 mediae
743 999 796 1064 vel
817 1007 929 1064 tennes
952 1007 1027 1084 post
1047 997 1202 1082 liquidas,
1224 1005 1338 1063 tenues
1359 1009 1435 1084 post
1455 1009 1568 1065 tenues

115 1095 203 1180 (quae
225 1099 353 1184 quidem
373 1110 486 1167 tenues
515 1101 549 1166 in
569 1101 746 1187 posteriore
773 1101 844 1166 loco
872 1123 938 1165 non
961 1099 1062 1164 solum
1088 1099 1181 1184 ipsae
1201 1108 1364 1180 tenentur,
1395 1101 1568 1190 sedetiam

114 1201 331 1268 antecedentes
353 1213 461 1268 tenere
483 1201 616 1287 solent);
645 1202 802 1268 obnoxiae
831 1209 935 1267 autem
964 1209 1039 1264 sunt
1065 1199 1230 1266 infectioni
1257 1212 1347 1266 extra
1366 1201 1568 1286 positionem,

113 1301 131 1367 i.
150 1325 174 1366 e.
196 1301 226 1366 si
249 1311 324 1367 sunt
345 1303 505 1390 simplices
536 1313 568 1368 et
588 1302 766 1388 singulares
793 1302 916 1369 mediae
945 1302 1028 1366 inter
1050 1301 1130 1366 duas
1152 1301 1283 1368 vocales
1305 1302 1358 1367 vel
1378 1313 1453 1389 post
1473 1326 1568 1369 vocar
1689 1335 1694 1352 a

111 1402 167 1466 len
192 1403 315 1468 finales.
359 1402 399 1468 In
421 1405 600 1470 britannica
626 1404 736 1490 lingua
755 1404 959 1470 infectionem
982 1403 1158 1468 contrariae
1187 1402 1251 1488 legi
1273 1426 1384 1489 parere
1405 1428 1476 1476 ‚uox
1496 1405 1569 1491 ipsa

113 1503 273 1589 proposita
294 1506 409 1571 osmbr.
425 1513 486 1570 vet
504 1505 678 1588 oraretque,
696 1529 777 1592 quae
793 1513 842 1572 est
855 1505 919 1572 hib.
935 1513 998 1570 vet.
1014 1503 1168 1584 maresch,
1185 1506 1378 1590 comprobat.
1413 1504 1570 1592 Exempla

113 1605 170 1668 alia
189 1604 327 1692 plurima
347 1605 430 1670 infra
451 1617 631 1692 sequentur.

188 1705 297 1773 Status
319 1708 477 1794 aspiratus
505 1707 559 1774 rel
579 1708 683 1778 mollis
704 1729 782 1794 prae
805 1707 919 1774 ceteris
947 1705 1077 1772 infectio
1099 1729 1310 1772 consonarum
1343 1707 1406 1772 dici
1433 1709 1566 1795 poterit3

112 1831 187 1892 quae
210 1829 275 1872 una
295 1807 362 1874 fere
384 1809 546 1875 invenitur
565 1810 599 1873 in
619 1809 755 1874 uetustis
778 1809 942 1875 codicibus
963 1807 1147 1875 hibernicis.
1192 1806 1315 1874 Contra
1334 1811 1568 1896 pronuntiatio-

110 1933 177 1974 nem
199 1909 377 1976 molliorem
397 1909 508 1975 harum
530 1932 740 1976 consonarum
760 1909 931 1976 infectione
952 1919 1166 1998 correptarum
1187 1909 1314 1976 codices
1335 1909 1492 1978 hibernici
1513 1937 1568 1978 vc-

109 2019 187 2077 teres
211 2012 299 2078 haud
318 2033 390 2076 raro
413 2011 702 2098 pronuntiationem
724 2011 880 2078 duriorem
902 2019 1003 2078 status
1025 2011 1177 2098 primitivi
1204 2019 1316 2102 notqnt
1345 2014 1567 2102 scriptione

110 2112 264 2199 duplici
292 2137 502 2191 consonarum
529 2137 594 2180 non
616 2112 802 2179 infectarum
824 2113 873 2197 (in
894 2113 962 2178 solo
986 2111 1040 2198 Sg.
1063 2135 1095 2176 m
1123 2113 1216 2197 signo
1238 2113 1422 2200 plerumque
1442 2125 1569 2182 notatur

109 2215 338 2298 geminationis,
363 2225 471 2304 utpote
485 2217 604 2282 lineola
618 2214 822 2302 supraducta3
845 2215 879 2278 in
894 2214 1008 2280 ceteris
1029 2223 1133 2280 autem
1155 2214 1319 2280 codicibus
1340 2215 1420 2282 haec
1441 2223 1568 2304 quoqne

109 2315 154 2381 bis
175 2317 350 2403 scribitur),
378 2318 471 2384 etiam
492 2317 526 2384 in
540 2317 709 2405 positione,
733 2325 768 2380 nt
781 2315 903 2402 patebit
924 2339 942 2381 e
963 2316 1106 2403 plurimis
1127 2315 1210 2381 infra
1231 2318 1438 2404 sequentibus
1463 2341 1568 2386 exem-

28 2437 29 2442 *
108 2417 175 2502 plis,
198 2441 391 2505 quamquam
411 2443 477 2486 non
500 2419 534 2484 in
555 2441 751 2486 communem
773 2440 865 2486 usum
887 2427 982 2504 atque
1002 2417 1144 2503 regnatam
1165 2419 1292 2483 transiit
1313 2442 1353 2484 ea
1373 2419 1514 2506 scriptio

188 2519 272 2588 Sunt
294 2522 389 2588 etiam
412 2521 493 2587 aliae
523 2521 677 2608 quaedam
699 2541 910 2586 consonarum
930 2519 1120 2586 infectiones
1150 2519 1185 2584 in
1206 2529 1333 2586 vetusta
1360 2509 1483 2608 lingua,
1512 2527 1570 2591 sed

107 2644 304 2708 nequaqnam
325 2633 389 2688 tam
410 2623 474 2688 late
496 2631 607 2710 patent
628 2644 723 2708 quam
743 2622 778 2686 in
798 2622 984 2688 recentiore.
1017 2621 1063 2687 Ut
1083 2621 1323 2689 infectionis
1344 2624 1498 2690 ncsslis
1519 2626 1569 2690 in-
1624 2695 1628 2706 ,

107 2721 160 2788 itia
179 2725 244 2790 ism
267 2725 507 2812 conspiciuntur
528 2725 562 2788 in
583 2723 719 2790 vetustis
741 2721 858 2808 glossis
880 2722 1054 2790 hibernicis
1078 2733 1109 2790 et
1130 2725 1306 2806 combricis,
1330 2747 1401 2790 cum
1421 2725 1569 2792 scribitur

108 2823 166 2890 hib.
187 2827 289 2908 imme,
312 2828 387 2892 imm
408 2849 466 2914 pro
487 2825 567 2890 imbe
589 2825 720 2910 (vetust.
743 2824 815 2910 gall.
839 2824 949 2909 ambr),
971 2823 1024 2889 vel
1046 2827 1162 2891 cambr.
1185 2847 1236 2890 am
1259 2823 1305 2908 (=
1320 2827 1428 2912 cmm),
1451 2839 1570 2894 mutata

109 2924 127 3018 b,
144 2927 175 2991 in
197 2950 238 2993 ns.
282 2927 455 2994 Latissime
485 2937 550 2994 tarn
576 2927 610 2992 in
633 2923 824 3008 britannica',
851 2926 1039 3012 praesertim
1068 2926 1226 2992 cambrica
1252 2928 1429 2994 recentiore
1462 2939 1493 2995 et
1514 2931 1571 2997 ho·

109 3027 228 3110 dierna,
259 3051 354 3114 qoam
382 3029 417 3094 in
442 3029 607 3095 hibernica
631 3027 786 3094 hodierna
814 3026 990 3111 ct‘gaelioa
1016 3035 1104 3114 patet
1129 3027 1302 3093 infectio
1326 3030 1570 3098 destituens.

107 3127 198 3195 Hanc
225 3131 354 3196 omnino
383 3130 508 3216 ignorat
536 3130 646 3216 lingua
672 3135 800 3194 uetusta
824 3127 1004 3210 hibernica,
1037 3129 1071 3195 in
1097 3151 1162 3214 qua
1187 3129 1358 3194 etiamtunc
1385 3141 1459 3196 sunt
1489 3155 1570 3215 ocus,

109 3253 193 3296 arras
217 3232 314 3320 (part.
339 3242 380 3313 et,
404 3233 503 3298 subst.
526 3229 701 3314 vicinitas),
725 3239 833 3298 cretam
855 3227 981 3314 (fides),
1004 3233 1048 3294 cc't
1070 3229 1244 3316 (centum),
1274 3255 1356 3317 quae
1378 3231 1471 3296 hodic
1494 3234 1572 3298 scri-

109 3331 219 3398 buntur
241 3357 328 3420 ngas,
351 3335 478 3415 eedem,
501 3333 585 3398 etad.
615 3331 685 3398 Nec
705 3326 863 3415 magis'in
877 3331 1014 3397 vetustis
1036 3331 1155 3416 glossis
1170 3333 1337 3399 combricis
1360 3334 1573 3398 destituuntur

109 3442 229 3518 manes,
254 3436 313 3501 sed
333 3435 514 3501 scribuntur
535 3435 705 3502 etiamtunc
726 3432 884 3496 lanterio
904 3431 1122 3518 (pellucidae),
1146 3434 1256 3498 coitcs'r
1270 3434 1412 3520 (pubes),
1435 3435 1479 3499 rit
1501 3433 1572 3518 (va-

109 3535 191 3617 dnm;
221 3536 261 3602 cf.
289 3536 547 3623 Augustoritum,
574 3534 700 3602 Galliae
727 3532 909 3620 oppidum),
942 3556 1015 3619 arcp
1042 3533 1174 3618 (tilius),
1204 3536 1271 3619 orep
1298 3533 1459 3620 (pecten),
1489 3558 1570 3622 quae

108 3633 195 3703 hodie
218 3649 295 3704 snnt
317 3637 529 3724 llgwycltedig,
552 3637 657 3716 eodm,
678 3636 756 3721 rgd,
779 3634 865 3714 crab,
887 3633 962 3700 crib.
1012 3633 1131 3702 Tamen
1157 3635 1251 3700 huius
1279 3657 1405 3721 quoquc
1426 3634 1571 3702 infectio·

108 3737 155 3803 nis
174 3741 267 3806 initia
289 3739 370 3808 satis
391 3747 517 3806 vetusta
539 3759 611 3804 esse
632 3737 827 3802 demonstrat
847 3759 913 3802 non
932 3736 1034 3802 solum
1055 3736 1197 3823 mediag
1218 3737 1324 3802 finalis
1356 3738 1484 3824 saepius
1514 3734 1588 3804 ex?

110 3863 198 3908 cussa
226 3842 410 3928 (destituta)
437 3841 471 3906 in
491 3839 594 3906 isdem
621 3837 739 3924 glossis
769 3837 951 3920 cambricis,
980 3847 1044 3904 tam
1063 3837 1170 3904 finalis
1199 3861 1293 3924 quam
1313 3839 1438 3904 interna
1458 3841 1493 3904 in
1514 3865 1571 3907 ro-

112 3943 195 4010 oibns
224 3945 354 4032 linguae
375 3965 524 4010 romanae
552 3941 685 4028 gallicae
712 3939 765 4006 vel
785 3938 1029 4022 vetustioribus,
1058 3941 1115 4006 scd
1143 3939 1236 4005 etiarn
1262 3941 1404 4006 tenuium
1430 3941 1571 4028 ipsarum
1638 3945 1644 3952 “
1678 3986 1680 3988 -

112 4045 268 4132 destinatio
291 4047 377 4112 haud
390 4067 462 4110 rara
482 4045 517 4110 in
539 4044 649 4111 eadem
671 4043 780 4130 lingua
801 4040 917 4128 gallica
938 4050 1040 4106 comte
1064 4051 1148 4108 certe
1171 4043 1372 4129 carolingica,
1396 4047 1571 4110 secundum

111 4149 232 4216 codices
260 4159 365 4214 terrae
388 4147 580 4214 continentis
603 4145 744 4212 eiusdem
770 4143 898 4224 aetatis,
927 4142 956 4209 si
981 4165 1048 4208 non
1070 4129 1251 4229 superioris.
1305 4143 1462 4231 Exempla
1489 4147 1571 4212 infra

111 4261 276 4334 sequentur
299 4250 334 4315 in
356 4249 460 4315 classe
480 4248 653 4314 mediarum
677 4255 709 4313 et
729 4247 871 4312 tenuium
892 4244 1148 4312 britannicarum.

185 4351 340 4417 Dicemus
362 4351 458 4437 igitur
479 4339 614 4438 primum
636 4348 803 4414 denatura
825 4357 857 4412 et
878 4345 1050 4412 infectione
1072 4368 1291 4428 consonarum,
1313 4348 1500 4434 praesertim
1521 4349 1570 4413 in·
1618 4390 1623 4396 ·

111 4461 261 4519 tamn-um
288 4463 321 4519 et
340 4451 483 4517 finalium
514 4451 575 4536 (de
599 4449 749 4516 consonis
770 4448 1000 4536 principalibus
1028 4446 1140 4512 uideas
1169 4448 1204 4512 in
1226 4449 1324 4514 altero
1353 4449 1495 4535 capite),
1530 4473 1570 4514 ex

112 4554 214 4619 ordine
236 4554 403 4636 classium,
432 4555 580 4638 qnoniam
603 4573 764 4618 consonae
786 4551 980 4637 singularum
1003 4549 1152 4618 classium
1178 4549 1244 4616 fere
1267 4551 1460 4616 concordant
1486 4550 1570 4614 inter

113 4676 144 4720 se
163 4656 348 4722 infectione.

730 4839 943 4926 Liquidse.

188 4913 226 5020 la
250 4911 300 5022 Μ
322 4912 373 5026 N
394 4913 454 5026 R.
497 4958 537 5025 In
561 4959 698 5025 vetustis
719 4959 901 5024 nominibus
924 4956 1048 5042 gallicis
1070 4957 1122 5022 vel
1135 4955 1332 5022 britannicis.
1359 4955 1568 5042 singutnes:
1635 4965 1636 4968 ’

115 5053 295 5128 Lemannus
325 5059 421 5128 Caes.
452 5059 480 5120 Γ
478 5054 603 5135 dictor
632 5060 800 5144 (Boiorum
820 5059 892 5145 rex)
921 5057 1033 5144 Polyb.
1063 5055 1229 5126 Cilurnum
1258 5057 1417 5142 (Britann.
1445 5059 1569 5145 oppid.)

117 5153 206 5226 Nom*
230 5161 317 5249 ὤμ’
343 5156 517 5265 Μώμορᾳς
544 5159 629 5228 Plul·
659 5160 1050 5246 (ed.Reiske10,732),
1094 5159 1303 5243 flammeum
1322 5157 1396 5226 Itin.
1420 5159 1569 5228 Calculus
1632 5139 1710 5232 ‘'ff''
1812 5127 1813 5130 Ἴ
