3656 5652
290 428 350 492 170
830 429 856 496 I.
881 435 907 498 1.
940 447 986 495 nr
1008 449 1204 499 mracrsuo.

288 613 393 698 legem
416 623 524 679 secuta
547 615 689 700 singulas
711 638 869 682 consonas
896 617 1023 701 (verum
1043 640 1107 683 non
1127 618 1221 683 modo
1243 618 1435 704 primitivas,
1462 618 1521 684 sed
1543 617 1637 682 etiam
1654 617 1724 702 aspi·
1809 661 1810 697 3

286 721 371 778 ratas
394 736 504 780 omnes
527 718 670 802 exceptis
684 709 716 802 f,
736 728 759 796 t,
784 719 831 798 tt,
855 741 936 804 quae
958 719 1182 783 obmutuerunt
1202 729 1257 784 aut
1278 719 1312 785 in
1334 720 1515 807 spiritnmlr
1535 717 1725 800 transierunt)
1809 783 1810 796 ,

287 814 406 900 duplici
428 818 524 882 modo
545 817 672 903 profert,
695 819 816 883 variato
839 843 921 884 sono
940 842 997 906 pro
1020 827 1132 884 natura
1151 821 1312 910 vocalium
1341 845 1421 908 quae
1444 827 1594 886 secuntur
1618 818 1667 884 vel
1686 841 1725 882 se·
1809 863 1810 898 3

288 917 471 1000 quebantur.
520 918 794 1000 Quemadmodum
822 921 917 1006 igitur
945 921 977 984 in
1000 921 1159 1008 polonicis
1179 922 1315 989 vocibus
1338 945 1406 1008 pao
1433 921 1626 1007 (dominus),
1651 942 1725 1005 puna
1809 964 1810 978 .

289 1017 439 1103 (domini)
463 1042 654 1102 consonari,
678 1045 759 1109 qnae
782 1022 896 1086 dicitnr
919 1023 1039 1086 tetrardo
1062 1023 1182 1108 (dura),
1207 1024 1299 1090 aliter
1313 1025 1439 1090 effertur
1460 1046 1556 1109 quam
1577 1047 1599 1086 a
1619 1019 1727 1104 miella
1809 1085 1810 1100 ,

285 1119 419 1202 (mollis3
441 1151 475 1174 =
489 1122 524 1206 ri)
547 1123 580 1186 in
594 1123 659 1208 p'ori
675 1125 913 1210 (dominarum),
933 1127 1013 1208 poni
1026 1125 1195 1210 (domina),
1215 1129 1310 1211 portio
1332 1126 1501 1210 (domine),
1523 1126 1570 1190 ita
1590 1125 1623 1188 in
1637 1123 1726 1186 hiber-

283 1220 365 1286 nicis
388 1222 464 1286 beon
485 1225 642 1310 (mulier),
673 1229 726 1291 odo
753 1225 980 1311 (consuetudo)
1009 1226 1118 1292 eadem
1139 1226 1262 1313 liquida
1290 1237 1324 1291 ut
1344 1228 1466 1291 bomon
1488 1225 1606 1312 (larga)
1637 1223 1726 1288 differt

284 1321 323 1384 ab
350 1346 372 1383 a
393 1324 460 1386 caol
488 1324 628 1413 (subtili)
656 1329 689 1392 in
710 1340 799 1392 neurt
821 1324 1016 1411 (fortitudo),
1052 1325 1140 1391 Nioll
1166 1329 1212 1413 (n.
1231 1327 1288 1412 a).
1342 1317 1416 1393 Hoc
1443 1328 1573 1414 quidem
1598 1326 1725 1402 marest,

284 1425 368 1508 quod
389 1424 551 1492 hibernico
573 1431 782 1515 praecedente
804 1451 929 1516 quoqne
951 1429 1058 1492 vocali
1078 1430 1186 1496 finitur
1208 1453 1306 1498 sonus
1328 1431 1498 1510 consonae,
1522 1450 1619 1514 quare
1633 1447 1728 1490 orma

285 1524 374 1611 larga
405 1528 553 1594 scribitur
576 1530 651 1594 beon
674 1531 833 1614 (mulier),
863 1552 935 1595 cum
956 1555 977 1593 o
1005 1532 1114 1596 subtili
1140 1531 1211 1596 odio
1240 1532 1436 1617 (tribntnm);
1464 1549 1656 1618 quamquam
1680 1524 1726 1610 qui
1798 1538 1804 1595 1

283 1627 424 1708 Polonos
447 1630 583 1694 audierit
603 1631 844 1717 pronuntiantes
863 1631 939 1715 proti,
957 1634 1044 1716 poni,
1068 1654 1142 1698 cnm
1163 1633 1249 1718 leget
1268 1633 1353 1719 apud
1368 1632 1494 1699 O‘Don.
1518 1633 1552 1696 a·
1571 1649 1680 1695 sonare
1699 1635 1729 1690 nt
1799 1628 1805 1687 i

283 1731 302 1792 (ἱ
324 1733 513 1816 productum
536 1733 643 1798 addito
666 1737 679 1796 i
699 1733 899 1814 brevissimo,
922 1732 1002 1797 illud
1023 1733 1192 1801 discrimen
1213 1736 1315 1820 magis
1332 1734 1515 1822 scriptionis
1538 1753 1611 1798 esse
1633 1727 1729 1794 existi·

282 1832 382 1898 mabit
404 1857 497 1920 quam
518 1835 793 1921 pronuntiationis.
838 1833 904 1900 Sed
925 1843 1012 1920 patet
1032 1834 1115 1900 hanc
1137 1859 1209 1902 esse
1232 1857 1362 1902 causam
1383 1846 1415 1901 et
1434 1835 1517 1901 hanc
1539 1854 1647 1898 reram
1666 1851 1729 1894 sen-

281 1936 413 1999 tentiam
439 1937 600 2023 praecepti
621 1937 707 2002 illius
730 1959 825 2022 supra
846 1936 892 2022 (p.
909 1936 944 2020 9)
965 1937 1145 2019 memorati,
1169 1961 1231 2024 quo
1253 1939 1421 2004 observato
1443 1935 1564 2001 tollitur
1587 1931 1728 1998 dubitatio

282 2035 321 2100 de
343 2041 603 2122 pronuntiatione
626 2061 846 2121 consonarum,
870 2061 950 2123 quae
973 2039 1091 2102 oritura
1112 2048 1188 2120 era-t,
1212 2041 1241 2105 si
1262 2041 1346 2105 inter
1365 2038 1496 2104 vocales
1518 2037 1662 2101 diversas
1681 2055 1729 2118 po

282 2137 361 2202 sitae
385 2149 501 2205 essent.
544 2141 693 2227 Denique
715 2163 796 2226 quae
819 2139 997 2204 differentia
1012 2141 1083 2205 soni
1105 2141 1248 2226 signatur
1269 2141 1329 2206 hac
1344 2141 1503 2206 vocalium
1524 2135 1729 2222 congruentia,

256 2247 261 2263 ⁴
281 2239 314 2302 in
336 2241 497 2328 plerisque
520 2243 670 2308 consonis
697 2242 749 2308 vel
772 2242 884 2306 eadem
907 2249 957 2306 est
978 2241 1102 2308 ieriatio
1131 2265 1212 2328 quae
1233 2245 1268 2309 in
1289 2244 1447 2331 polonicis
1469 2249 1565 2307 acuto
1588 2257 1728 2324 snprapo

281 2341 342 2407 sito
371 2345 475 2408 notari
499 2344 594 2425 solet,
624 2344 676 2410 vel
703 2367 784 2431 quae
811 2345 845 2408 in
867 2344 1047 2430 germanico
1070 2345 1105 2408 oli
1134 2343 1268 2411 efficitur
1289 2346 1497 2412 antecedente
1518 2339 1624 2408 vocali
1650 2338 1730 2420 lage

281 2452 335 2508 aut
356 2447 481 2526 subtili3
503 2446 657 2511 maiorem
678 2469 753 2512 vero
769 2445 976 2509 mutationem
998 2447 1037 2510 ab
1058 2448 1073 2508 r'
1094 2457 1247 2533 sequente
1267 2448 1319 2513 vel
1340 2448 1548 2513 antecedente
1569 2441 1729 2528 accipiunt

280 2567 342 2630 qua
364 2547 509 2612 dentales
532 2548 566 2611 in
587 2547 745 2634 linguales
766 2556 944 2627 transeunt,
970 2557 1036 2614 tres
1066 2570 1227 2614 consonae
1247 2572 1270 2631 a,
1294 2561 1313 2630 t,
1338 2550 1367 2613 d.
1416 2547 1588 2634 Eqnibns
1608 2544 1662 2610 illa
1681 2563 1731 2628 per
1809 2541 1810 2558 ¹

280 2671 405 2712 omnem
426 2648 615 2715 Hiberniam
637 2671 702 2714 non
724 2657 759 2712 ut
779 2635 917 2734 polonol
938 2650 1094 2736 profertur
1115 2650 1172 2714 sed
1187 2653 1254 2714 utav
1272 2651 1351 2737 (pol.
1366 2673 1406 2732 ar,
1430 2651 1514 2736 angl.
1530 2647 1591 2732 alt),
1615 2643 1729 2712 etiamsi

279 2749 446 2814 intercedit
467 2751 490 2813 l:
521 2750 620 2814 olioblt
640 2750 763 2834 (mons)
784 2779 818 2802 =
832 2751 901 2813 stlta
923 2761 958 2815 ut
978 2753 1039 2814 iniis
1060 2751 1196 2836 (insula)
1217 2781 1249 2806 =
1263 2755 1338 2834 Μὴ
1360 2753 1437 2818 item
1458 2759 1564 2817 mutae
1588 2747 1729 2822 dentales,

284 2849 344 2914 etsi
366 2852 553 2937 regulariter
573 2851 699 2918 modice
720 2851 908 2932 afficiuntur,
932 2860 1038 2917 tamen
1059 2875 1123 2917 non
1147 2853 1250 2920 solum
1271 2853 1356 2941 apud
1371 2852 1486 2920 Scotos
1509 2860 1542 2917 et
1554 2850 1730 2926 Monenscs,

283 2951 339 3015 sed
362 2953 458 3018 etiam
481 2955 514 3018 in
536 2964 625 3040 parte
647 2953 822 3019 Hiberniae
844 2951 946 3038 ipsius
969 2953 1019 3037 (ut
1040 2953 1073 3017 in
1095 2953 1243 3038 Ultonia)
1266 2963 1431 3020 transeunt
1452 2954 1485 3018 in
1507 2953 1662 3039 lingnales
1682 2971 1729 3014 as·

284 3053 429 3119 sibilatas
453 3059 476 3119 ὄ
490 3065 522 3120 et
543 3059 584 3120 dt
602 3056 700 3141 (angl.
723 3057 759 3119 ola
781 3063 813 3119 et
826 3053 870 3138 J).

367 3155 596 3240 AreJmorice
619 3180 744 3244 quoque
766 3155 963 3221 subtiliorem
986 3155 1056 3220 soni
1078 3156 1287 3240 affectionem,
1311 3182 1373 3245 qua
1393 3159 1450 3222 fiat
1471 3156 1644 3222 discrimen
1664 3151 1728 3217 soni

277 3258 292 3321 s
297 3258 400 3322 ortis
423 3266 454 3322 et
476 3259 643 3339 debilis,
664 3260 745 3344 Lgn.
769 3259 802 3322 in
824 3255 875 3322 his
891 3257 1043 3343 exemplis
1066 3257 1173 3323 inesse
1195 3261 1287 3325 dicit:
1309 3259 1410 3347 plebia
1425 3255 1648 3342 (humectare),
1667 3255 1730 3340 qltb

281 3359 412 3442 (humes
446 3359 483 3443 t),
504 3362 604 3446 plebis
626 3357 856 3445 (humectatis),
880 3357 964 3420 brata
986 3358 1213 3444 (transfigere),
1235 3361 1285 3425 ber
1307 3353 1505 3446 (transfigi),
1528 3357 1602 3422 berit
1622 3357 1732 3440 (trans-

277 3461 391 3545 figitis)
416 3471 447 3525 ot
469 3461 637 3544 similibus,
662 3484 741 3548 qnae
764 3459 890 3525 affectio
914 3459 985 3523 soni
1008 3460 1167 3525 difficilior
1189 3463 1229 3526 ad
1250 3462 1492 3550 percipiendum
1513 3469 1580 3524 tum
1601 3458 1731 3523 maxime

278 3561 432 3644 audiatur,
457 3585 528 3627 cnm
550 3573 701 3649 sequatur
722 3585 784 3626 vox
806 3561 943 3626 avocali
965 3561 1138 3646 incipiens:
1162 3587 1226 3626 aon
1240 3565 1349 3628 dra-rt
1362 3589 1383 3628 a
1396 3585 1447 3628 aer
1460 3563 1631 3627 arima
1646 3559 1733 3641 (haec

277 3686 329 3728 res
353 3688 404 3728 me
427 3664 572 3748 cruciat).
609 3665 701 3746 Quae
723 3665 818 3751 plane
841 3671 1019 3747 congruunt
1039 3685 1109 3728 cum
1130 3664 1287 3751 polonicis
1309 3663 1430 3749 utpote,
1443 3658 1533 3751 prad'
1549 3659 1732 3748 (carpinus).

75 3811 78 3824 .
159 3761 196 3788 ”
278 3764 343 3828 Est
365 3774 469 3829 antem
491 3776 616 3851 praeter
636 3766 720 3831 banc
741 3765 940 3829 ieriationem
968 3763 1031 3828 alia
1052 3787 1178 3852 quoque
1201 3767 1346 3848 mutatio,
1377 3787 1442 3852 qua
1461 3776 1474 3828 t
1495 3766 1570 3830 etd
1596 3761 1732 3829 dent-des

277 3867 310 3929 in
333 3867 493 3953 spirantes
520 3875 686 3932 transeunt
710 3869 732 3931 t
754 3876 785 3932 et
806 3869 826 3930 ἔ
850 3865 938 3951 (gall.
961 3863 1033 3930 hod.
1056 3867 1092 3930 cla
1115 3877 1146 3933 et
1158 3867 1204 3953 y).
1259 3868 1305 3935 Ut
1333 3891 1351 3932 e
1373 3867 1455 3953 sing.
1477 3876 1645 3946 aumas,
1672 3871 1734 3926 reat

275 3967 362 4032 Man.
385 3976 518 4033 testatur
539 3967 618 4053 plur.
641 3968 761 4054 duplici
782 3969 876 4032 modo
897 3966 1041 4057 formari,
1069 3977 1124 4034 aut
1144 3969 1217 4056 (per
1231 3971 1300 4056 oo)
1322 3979 1533 4050 touromotoa,
1557 3979 1663 4032 reaten
1683 3971 1733 4029 ant

277 4070 349 4154 (per
363 4069 444 4153 dou)
468 4070 702 4151 coarmanclou,
730 4070 877 4151 reocboo,
912 4091 998 4154 esg.
1022 4081 1077 4132 act
1097 4068 1198 4154 (ora),
1222 4085 1315 4156 poert
1338 4070 1521 4158 (punctum)
1541 4069 1585 4156 pl.
1608 4067 1732 4144 cortou,

274 4171 441 4254 poenalior,
471 4192 608 4255 quocum
637 4170 796 4236 consentit
816 4169 912 4235 Dum.
934 4169 1063 4235 tradens
1092 4193 1110 4236 e
1132 4193 1179 4256 ag.
1203 4185 1309 4237 curent
1330 4169 1590 4257 (monasterium)
1622 4169 1663 4255 pl.
1685 4191 1733 4230 cu·

276 4273 413 4353 consola,
438 4281 470 4336 et
483 4262 564 4356 iign.
589 4271 734 4357 quamvis
756 4260 939 4358 improbans
960 4271 1031 4358 ipse
1052 4263 1149 4337 tradit
1170 4295 1211 4338 ex
1230 4274 1301 4339 dett
1315 4272 1398 4360 (via)
1420 4297 1486 4340 non
1502 4274 1606 4340 solum
1621 4271 1733 4346 tettae,

277 4373 331 4437 sed
361 4373 456 4438 otiam
482 4373 615 4436 heruteu
642 4373 786 4454 formari3
821 4395 839 4438 e
862 4372 1018 4458 gallicano
1046 4376 1150 4438 mitta
1179 4376 1244 4440 iam
1264 4376 1299 4440 in
1320 4374 1402 4440 Bub
1424 4375 1532 4462 prodit
1551 4372 1666 4436 owclrer
1685 4369 1734 4446 40,

276 4477 325 4539 20.
349 4476 537 4558 711117.κ
560 4475 629 4555 186,
648 4477 695 4538 17.
745 4475 928 4570 Necualiter
951 4475 1068 4540 cambr.
1090 4478 1205 4558 eidiorr,
1235 4498 1321 4542 corn.
1344 4478 1437 4541 odico
1461 4475 1543 4543 Voc.
1569 4470 1735 4560 respondet

274 4599 372 4641 arem.
395 4576 468 4640 hod.
492 4575 576 4656 peno
598 4575 704 4660 (bos);
728 4577 767 4646 cf.
790 4577 870 4664 plur.
893 4577 981 4672 coop'o
1003 4577 1129 4663 (ligna),
1152 4578 1431 4663 clenucjo‘(morbi)
1454 4573 1734 4650 secundumDnm.

275 4701 292 4742 c
317 4701 363 4764 eg.
381 4689 464 4760 cont,
495 4678 619 4757 clerium
649 4700 687 4742 ac
708 4679 770 4743 iam
793 4681 827 4744 in
848 4679 929 4744 Buh.
953 4679 1094 4763 bretton,
1124 4681 1268 4766 brcaipoo
1290 4679 1439 4764 (iudicia3
1463 4701 1511 4764 eg.
1533 4678 1607 4744 hod.
1629 4672 1745 4768 dread)

277 4781 345 4860 150,
368 4782 396 4844 9.
423 4783 470 4842 16.
521 4778 627 4844 Simili
653 4781 747 4845 modo
773 4781 944 4867 planctus
967 4781 1081 4865 (arduos
1100 4783 1212 4867 Dum.)
1241 4805 1260 4848 e
1284 4783 1366 4866 sing.
1392 4780 1425 4844 ta·
1445 4778 1568 4864 (canis)
1595 4773 1736 4865 prodisse

275 4891 385 4964 posset
412 4880 530 4962 videri,
562 4881 627 4945 nisi
653 4882 773 4946 nullum
794 4891 959 4968 praeterea
980 4886 1146 4969 gutturalis
1174 4886 1222 4951 sic
1248 4891 1385 4950 mutatae
1411 4881 1592 4968 exemplum
1617 4873 1737 4944 inveni-

275 4981 381 5061 retur,¹
401 4982 498 5047 immo
520 5005 617 5048 arem.
638 4983 710 5048 hod.
733 4985 895 5064 omission,
916 4988 1101 5070 paraneten,
1121 4988 1287 5072 patriciae,
1314 4985 1417 5068 loleier,
1436 4987 1512 5050 scier
1533 4979 1633 5069 (opud
1652 4975 1736 5042 Man.
1809 5049 1810 5068 ,

175 5091 176 5094 ’
276 5080 536 5168 iteratarum)
554 5107 572 5146 a
588 5105 635 5167 sg.
648 5085 767 5147 emicet
782 5085 948 5170 (vicinus),
962 5087 1104 5172 procando
1119 5085 1309 5173 (denarius),
1323 5087 1448 5174 moizielr
1462 5083 1633 5174 (sapiens),
1647 5077 1737 5143 klw'l

275 5181 426 5266 (clocca),
443 5183 531 5247 rae’d
548 5183 693 5268 (saccus)
708 5221 750 5233 -
763 5194 799 5294 nt
813 5187 874 5252 iam
889 5189 923 5253 in
934 5187 1017 5254 Bub.
1032 5189 1100 5272 138,
1119 5189 1168 5254 18.
1184 5187 1303 5276 delapso
1317 5189 1525 5277 (presbyteri)
1541 5206 1619 5274 arg.
1634 5180 1736 5259 taeter,
1809 5173 1810 5264 1
