3684 5648
282 377 323 439 66
669 374 696 441 Ι.
720 378 748 442 1.
782 391 963 442 corsorae
984 391 1190 443 meramors
1213 391 1353 442 rnrnrs.

189 587 191 592 ¹
283 557 430 627 Celtillus
453 558 548 628 Caes.
577 558 737 645 Cantium,
758 561 946 646 Nantuates,
971 562 1149 632 Ceutrones
1173 561 1268 631 Caes.
1286 549 1470 641 'Opudporv
1497 557 1656 642 (Galatar.
1677 557 1746 642 rex)

155 717 156 720 ,
282 660 397 750 Polyb.
419 662 637 746 Nertomarus,
658 661 841 736 Esunertus
862 663 1012 753 Inscript.
1044 663 1192 734 Casticus
1215 662 1310 732 Caes.
1338 660 1525 742 Mediricta,
1546 659 1747 726 Abrectubo·
1836 661 1840 745 ,’

281 764 354 848 gius
375 763 536 850 Inscriptt.
570 763 794 852 Moericoptus
820 765 892 832 Liv.
927 763 1036 832 Vectis
1066 766 1151 832 Plin.
1185 763 1320 846 Volcae,
1349 761 1528 844 Volcatius,
1544 759 1747 828 'Catuvolcus
1838 756 1839 804 3

283 863 377 932 Caes.
407 863 602 948 Ioviacillus,
624 863 798 932 Pervincus
820 866 984 954 Inscriptt.
1006 861 1135 951 μάρκα,
1158 859 1377 952 τριμαρκισιά
1399 863 1496 929 Paos.
1524 862 1747 948 Marcomagus
1835 886 1839 915 =

285 966 359 1032 Itin.
386 965 588 1036 Condercum
604 967 693 1056 (opp.
708 967 805 1053 Brit.)
827 970 927 1036 Notit.
945 969 1032 1054 digo.
1056 968 1197 1036 Carcaso
1213 967 1307 1034 Caes.
1335 966 1478 1046 Aulerci,
1495 961 1637 1032 Cadurci
1650 962 1745 1031 Caes.
1837 967 1838 992 ³

281 1067 350 1132 Isca
371 1067 446 1134 Itin.
474 1069 597 1152 Liscus,
619 1069 776 1137 Roucillus
799 1070 894 1138 Caes.
924 1069 1074 1152 Taurisci,
1098 1068 1256 1137 Scordisci
1276 1068 1348 1134 Lir.
1364 1066 1448 1131 Plin.
1478 1065 1651 1154 Duplices3
1675 1064 1746 1131 PP:
1836 1129 1837 1132 ,

279 1168 406 1256 Luppo,
429 1169 551 1258 Peppo,
573 1170 676 1238 Inscr.
698 1195 804 1239 vasor.
825 1173 903 1258 figl,
924 1171 1073 1260 Drappes
1097 1168 1191 1238 Caes.
1224 1168 1295 1236 TT:
1318 1170 1394 1234 Atto
1415 1167 1517 1233 Inscr.
1540 1165 1630 1251 (Act.
1646 1163 1747 1230 Palat.

281 1275 308 1352 1,
325 1269 393 1354 33),
416 1270 544 1338 Vettius
560 1272 662 1340 Insor.
685 1273 910 1358 (0111114295.
927 1272 1028 1340 Stein.
1045 1273 1133 1357 996),
1157 1271 1353 1340 Solovettius
1368 1269 1440 1336 Iris.
1472 1266 1544 1336 CC:
1565 1268 1659 1335 Acco
1675 1265 1748 1352 (Se-

278 1397 398 1438 nonum
419 1375 603 1462 princeps),
631 1374 739 1441 Iccius
755 1374 918 1460 (Remus),
939 1373 1063 1440 Voccio
1086 1373 1292 1458 (Noricorum
1305 1371 1379 1457 rex)
1395 1369 1490 1438 Caes.
1520 1370 1623 1436 Nioco
1645 1367 1746 1434 Inscr.

278 1476 366 1560 (Aet.
382 1475 450 1540 Pal.
469 1479 495 1558 l,
514 1473 580 1561 33),
601 1477 709 1543 Becco
724 1475 893 1543 Mocconis
908 1477 964 1559 fil,
987 1475 1090 1542 Utilia
1102 1474 1237 1542 Vaccati
1251 1475 1283 1556 f,
1308 1471 1431 1542 Craoca
1450 1471 1585 1538 Livonis
1607 1470 1629 1535 f.
1645 1469 1746 1538 Inscr.

277 1574 393 1659 (Orell.
416 1575 525 1660 4901).
967 1613 970 1622 ,

365 1731 443 1853 QV
465 1779 526 1844 etsi
549 1803 609 1846 nec
631 1779 665 1844 in
687 1779 812 1864 gallicis
834 1801 895 1846 nec
918 1780 951 1844 in
965 1778 1154 1846 britannicis
1177 1779 1246 1863 (aut
1267 1777 1403 1844 vetustis
1424 1785 1479 1842 aut
1500 1773 1748 1858 recentioribus)

279 1881 461 1947 nominibus
484 1881 691 1948 vocabulisve
715 1903 852 1967 unquam
874 1881 1049 1963 invenitur,
1080 1881 1229 1967 quoniam
1257 1880 1291 1943 in
1317 1881 1358 1946 iis
1380 1879 1515 1945 vocibus
1542 1877 1640 1964 ipsis,
1668 1897 1748 1962 qaae

277 1983 376 2049 latine
399 2005 469 2047 oum
493 2003 533 2067 qa
558 1982 773 2070 proferuntur,
802 1993 835 2047 et
856 1981 945 2050 Galli
974 1993 1006 2048 et
1026 1981 1173 2048 Britanni
1195 1980 1327 2068 perinde
1353 2003 1392 2046 ac
1414 1979 1533 2047 Graeci
1559 1977 1587 2044 P
1615 1979 1651 2044 in
1680 1979 1747 2044 eius

274 2085 381 2150 locum
399 2083 638 2168 substituerunt,
661 2094 697 2149 ut
716 2083 839 2170 Εροπα,
859 2086 1052 2170 petorritam
1072 2061 1253 2170 pempeddla
1269 2082 1395 2167 (cornua
1408 2081 1462 2146 lat.
1477 2102 1577 2166 equos,
1591 2091 1748 2166 quattuor,

172 2249 173 2252 ,
276 2184 436 2272 quinque),
459 2184 592 2252 eandem
613 2196 721 2252 tamen
743 2185 871 2272 linguae
893 2185 1131 2252 vetustissimae
1153 2183 1337 2250 hibernicae
1366 2183 1437 2250 sine
1459 2182 1526 2247 ulla
1547 2182 1748 2250 dubitatione

277 2286 479 2354 tribuendam
502 2309 574 2354 esse
596 2311 662 2354 non
683 2287 778 2354 modo
799 2287 930 2353 nomine
950 2286 1075 2354 litterae
1098 2287 1249 2353 docemur
1271 2295 1397 2352 servato
1424 2285 1458 2350 in
1479 2294 1616 2372 utroque
1637 2284 1749 2372 alpha-

277 2391 361 2472 beto,
386 2389 415 2454 si
436 2389 484 2454 rei
506 2389 690 2455 auctoribus
711 2388 793 2454 fides
816 2397 866 2454 est
886 2388 1034 2456 habenda
1055 2387 1198 2474 (O'Don.
1220 2385 1348 2454 XXXI.
1372 2386 1469 2473 sqq),
1492 2385 1550 2452 sed
1572 2386 1672 2452 etiam
1695 2410 1749 2473 og-

276 2491 361 2556 mica
388 2491 491 2576 figura
519 2491 725 2578 comprobata
752 2489 1016 2578 inscriptionibus
1044 2491 1289 2572 vetustissimis,
1325 2489 1361 2554 in
1388 2489 1504 2576 quibus
1534 2497 1600 2558 tam
1629 2512 1749 2555 nomen

278 2589 596 2672 CORPIMAQvAS
620 2591 748 2678 (postea
764 2590 922 2675 Cortmac,
946 2590 1090 2678 Cormoc)
1113 2601 1200 2659 extat
1215 2613 1310 2679 quam
1325 2591 1493 2676 genetivus
1507 2590 1650 2674 MAQvI
1666 2591 1748 2677 (bib.

274 2695 382 2774 moire,
404 2692 480 2773 filii,
505 2693 558 2758 cui
579 2693 787 2779 responderet
808 2693 883 2779 gall.
904 2695 1005 2780 mapi,
1029 2693 1068 2759 cf.
1091 2693 1163 2759 brit.
1185 2691 1273 2778 neap)
1295 2691 1488 2784 aliquotiens
1517 2702 1568 2760 est
1588 2703 1750 2781 repertus.

274 2793 388 2880 Itaque
410 2791 635 2859 coniciendum
657 2802 706 2860 est
727 2795 881 2862 maiorem
902 2803 1025 2884 partem
1046 2817 1156 2860 earum
1176 2813 1302 2875 vocum,
1326 2792 1498 2878 inquibus
1519 2793 1584 2860 hib.
1608 2817 1625 2859 c
1646 2817 1750 2883 oppo-

273 2895 359 2960 nitur
381 2895 453 2958 brit.
477 2895 546 2977 (vel
568 2895 658 2981 gall.)
676 2919 711 2982 p,
735 2897 970 2984 antiquissimis
992 2895 1189 2983 temporibus
1211 2917 1268 2982 per
1289 2915 1326 2980 qu
1349 2895 1505 2981 prolatam
1527 2917 1609 2980 esse,
1632 2907 1751 2983 postea

273 3019 350 3062 vero
371 3021 389 3058 o
411 3005 447 3060 ut
468 3003 571 3082 poste
593 2996 640 3080 (p.
656 2996 713 3080 58)
737 2999 785 3064 sic
807 3008 881 3086 post
902 3021 918 3062 c
940 2999 1074 3086 perisse,
1096 3005 1151 3062 aut
1171 2997 1259 3062 nullo
1280 2996 1419 3082 vestigio
1440 2997 1569 3063 relictos
1600 2997 1655 3062 eet
1679 2999 1749 3083 (lat.

276 3120 376 3183 equos,
400 3096 472 3162 brit.
496 3096 563 3182 cp),
586 3097 660 3162 cc‘ct
683 3097 751 3182 (lat.
775 3102 911 3186 quisquc,
935 3102 1052 3167 cambr.
1071 3098 1191 3186 paup),
1213 3099 1307 3162 cettr'r
1329 3096 1398 3182 (lat.
1421 3109 1575 3184 quatuor,
1598 3099 1675 3166 brit.
1695 3121 1751 3186 pe·

272 3196 373 3280 tuac),
397 3219 438 3278 ce,
462 3199 512 3260 cio
536 3195 604 3281 (lat.
626 3201 709 3283 quta,
732 3200 849 3265 cambr.
861 3199 950 3286 pur),
983 3201 1047 3266 edic
1068 3199 1137 3284 (lat.
1160 3201 1308 3285 quiaque,
1330 3198 1402 3265 brit
1421 3199 1543 3286 pimp),
1570 3209 1626 3266 aut
1653 3201 1751 3288 qnasi
1840 3241 1841 3276 ;

270 3298 502 3364 assimilatione
531 3299 668 3385 quadam
690 3301 850 3385 geminata
870 3300 973 3368 tenui:
1003 3323 1089 3366 mm
1111 3301 1226 3386 (filius,
1254 3300 1327 3366 brit.
1349 3304 1455 3396 cnsp),
1484 3311 1539 3368 aut
1559 3301 1670 3368 vocali
1693 3325 1752 3390 per
1840 3285 1841 3313 ³

270 3425 292 3463 a
314 3399 446 3466 infecta:
461 3401 563 3485 fliacb
585 3400 759 3486 (humidus,
783 3403 900 3468 cambr.
914 3402 1012 3488 pale'p,
1032 3403 1144 3490 psolpp,
1166 3424 1198 3489 p.
1216 3401 1281 3486 12).
1316 3401 1443 3485 Quodsi
1457 3402 1593 3490 pristina
1606 3425 1645 3488 qo
1669 3404 1752 3468 abiit

270 3502 304 3565 iu
327 3502 476 3587 gallicam
498 3511 530 3566 et
550 3501 763 3570 britannicam
782 3527 813 3590 p,
837 3505 958 3571 nemini
980 3505 1096 3570 mirum
1118 3525 1192 3570 asse
1218 3503 1313 3570 debet
1337 3513 1467 3570 tenum
1492 3504 1520 3571 P
1542 3503 1750 3572 hibernicam
1839 3543 1840 3600 5

190 3674 193 3678 ,
269 3605 369 3669 multo
392 3603 563 3670 artioribus
592 3605 711 3672 finibus
732 3606 890 3672 contineri
916 3627 1054 3692 quamp
1081 3605 1303 3672 britannicam.
1350 3604 1464 3689 Adde,
1492 3609 1578 3693 quod
1606 3609 1641 3673 in
1673 3609 1749 3674 aliis

271 3705 463 3790 quibusdam
486 3729 502 3768 c
523 3705 591 3771 hib.
613 3707 828 3792 respondetp
849 3708 939 3790 brit,
962 3730 1028 3773 non
1050 3707 1153 3773 solum
1174 3716 1210 3771 ut
1231 3731 1247 3770 c
1269 3705 1319 3792 (q)
1340 3707 1416 3793 inp
1443 3717 1649 3796 transgressa
1672 3735 1749 3781 esse

268 3805 429 3871 videatur:
454 3827 530 3869 cena
552 3805 695 3894 (caput),
717 3835 751 3860 =
768 3806 840 3873 brit.
851 3830 945 3894 perra,
969 3808 1009 3874 cf.
1025 3831 1115 3875 mons
1130 3809 1372 3896 Appenninus),
1396 3811 1471 3875 rioll
1485 3812 1700 3900 (intellectus,
1715 3847 1749 3872 =

270 3908 389 3972 cambr.
407 3906 532 3991 propit),
555 3908 649 3974 cloud
670 3907 808 3995 (prolcs3
831 3939 865 3963 =
885 3911 1002 3976 cambr.
1023 3908 1138 3997 plant),
1161 3914 1261 3976 oraim
1283 3911 1426 3996 (vermis,
1448 3943 1481 3967 =
1501 3915 1619 3980 cambr.
1640 3921 1748 4003 prpj),

272 4033 372 4072 crona
394 4007 519 4094 (arbor3
543 4010 660 4074 cambr.
678 4010 791 4096 mea),
813 4011 881 4076 rad.
902 4015 990 4080 verb.
1014 4035 1086 4076 cren
1108 4011 1243 4096 (emere;
1267 4016 1383 4082 cambr.
1401 4013 1535 4100 prena),
1566 4015 1750 4084 sedetiam
1838 4069 1839 4102 ;

272 4109 438 4196 inquibus
456 4130 481 4194 p
503 4109 596 4174 initio
616 4109 718 4177 fuisse
733 4121 849 4198 pateat
872 4123 907 4178 ut
920 4114 962 4200 ¹in
978 4114 1194 4202 compluribus
1209 4113 1401 4201 peregrinis:
1424 4136 1494 4178 case
1508 4115 1663 4204 (pascha)
1681 4118 1748 4200 Cr,
1838 4137 1839 4190 1

272 4211 458 4275 r‘ndcltorcor
474 4210 658 4296 (purpura)
673 4211 726 4277 Tr.
744 4214 814 4295 115,
838 4214 877 4279 cf.
893 4216 1084 4282 dsbctorcsr
1098 4215 1156 4301 (gl.
1171 4215 1313 4300 ferrugo)
1329 4213 1389 4301 Sg.
1401 4217 1462 4281 522
1484 4215 1651 4300 endscrcnr
1675 4221 1749 4305 (re-

258 4313 377 4398 apera)
394 4310 450 4397 Sg.
469 4312 550 4379 183⁵.
582 4313 862 4408 ‹·tcm(=p1uma)
878 4317 984 4385 Corm.
1000 4341 1031 4382 r.
1047 4339 1099 4381 oro
1115 4316 1213 4381 aetra
1251 4316 1403 4403 Inprimis
1418 4325 1525 4384 autem
1545 4341 1566 4382 a
1579 4321 1749 4411 principio

267 4434 385 4500 uocum
400 4413 503 4479 omnis
518 4413 585 4480 fere
594 4437 620 4500 p
643 4415 782 4497 evanuit,
805 4426 841 4483 ut
854 4419 910 4484 vix
931 4419 997 4484 ulla
1008 4442 1074 4486 rox
1087 4417 1296 4503 hibemioap
1317 4419 1488 4506 principali
1510 4429 1624 4504 utatur,
1648 4447 1749 4511 prae-

267 4525 318 4580 ter
334 4527 416 4601 pota
432 4513 556 4601 (lepus)
573 4512 690 4598 Corm,
713 4517 798 4582 unde
817 4522 946 4604 pataide
968 4518 1164 4605 (leporinus)
1185 4517 1241 4605 Sg.
1258 4521 1318 4602 37⁶,
1342 4531 1373 4588 et
1394 4529 1605 4608 consumpta:
1628 4547 1750 4609 per=saa

267 4615 438 4703 (persona)
453 4615 528 4683 Wb.
545 4615 600 4702 Sg.
624 4619 744 4703 peccas
764 4619 975 4707 (peccatum),
993 4621 1153 4706 pridctim
1174 4619 1367 4707 (praedico),
1386 4633 1510 4708 precept
1529 4621 1748 4714 (praeceptio,
1837 4671 1838 4708 3

14 4741 18 4756 ·
90 4715 92 4718 ’
214 4757 217 4766 ,
266 4717 441 4802 doctrina),
465 4721 545 4805 ptaa
567 4717 701 4804 (poena)
723 4720 798 4787 Wb.
821 4721 864 4808 sq.
894 4719 1004 4808 pessit
1025 4720 1252 4808 (paenitentia)
1280 4720 1674 4792 1119111111θὶ
1713 4731 1752 4792 ni

258 4817 424 4900 sarcrcairt
439 4821 555 4904 porcis
583 4821 691 4886 dccoid
717 4821 798 4908 (non
826 4823 860 4887 in
882 4823 1050 4889 circuitum
1072 4821 1243 4910 parochiae
1266 4823 1369 4906 venit3
1397 4827 1528 4911 pcircte
1548 4848 1568 4891 a
1587 4829 1748 4913 parochia
1837 4819 1838 4885 l

239 4946 470 4960 .-—.-——-...—

333 5004 346 5031 ‘
363 5003 478 5074 Simplex
495 5005 584 5058 eadem
602 5021 651 5059 ror
668 5007 828 5062 restituenda
844 5015 885 5064 est
901 5025 948 5078 pro
966 5009 1056 5063 cocatr
1072 5009 1107 5077 (gl
1134 5015 1234 5075 murex)
1251 5009 1356 5080 ageas,
1375 4983 1408 5066 cf.
1426 5011 1530 5066 caeca
1547 5012 1592 5081 (gl.
1611 5021 1747 5084 purpura)

262 5067 361 5193 {pbgk
372 5074 615 5206 tgpffiblsrippgpm
633 5075 684 5130 adt
701 5091 793 5130 corma
811 5081 976 5149 (purpureus,
994 5077 1080 5142 ruber)
1097 5079 1125 5130 in
1142 5079 1216 5132 libris
1233 5079 1359 5135 interioris
1376 5083 1468 5135 wtatis
1486 5080 1591 5145 (O'Don.
1612 5087 1676 5140 119.
1706 5085 1749 5140 st.
