3656 5652
265 333 332 411 112'
357 347 500 409 (130-131)
628 343 654 408 Ι.
680 347 706 407 1.
740 316 917 410 consonus
938 359 1166 407 amrxxmcsn
1186 359 1359 417 crocinus.

267 555 375 616 augur,
391 530 486 615 Voc.)
504 528 564 597 Ox.
579 529 619 594 A.
631 529 694 620 ⁴vel
717 528 786 594 sine
808 550 906 594 causa
926 527 1096 614 perspicua
1117 527 1256 592 additae:
1279 528 1406 592 lundam
1427 527 1485 614 (gl.
1502 529 1654 615 patricius,
1674 527 1713 592 ci.

265 655 295 718 p.
319 631 374 714 85)
404 630 468 697 Ox.
489 630 526 695 Β.
555 630 738 693 ceeroenloa
757 628 814 714 (gl.
838 637 869 692 et
891 628 991 715 dolia)
1015 627 1075 695 Cb.
1099 630 1148 694 78.
1184 628 1354 692 mulcant
1382 627 1572 714 (deflebunt)
1593 627 1647 696 Cb.
1664 633 1714 695 55.

265 733 492 812 columnatae,
514 730 720 814 ccamnbepiat
742 755 772 794 v.
795 752 905 816 supra3
929 753 1023 816 quam
1045 729 1228 816 scriptionis
1250 728 1421 815 simplicis:
1446 728 1513 792 boel
1533 730 1580 814 (=
1599 730 1714 813 tabell),

267 833 364 896 armel
384 831 542 917 (armella)
559 829 622 896 Ox.
638 830 676 895 B.
701 831 824 894 curato
839 827 958 911 (salax3
982 853 999 896 e
1017 831 1187 916 lammam),
1210 853 1261 894 ccc
1282 827 1316 895 in
1331 829 1442 893 umlaa'a
1457 829 1503 916 (p.
1519 831 1593 916 102)
1608 830 1662 896 Ox.
1677 831 1717 896 A.

348 933 388 998 In
408 932 635 998 recentiore
658 930 781 996 demum
801 931 911 1015 lingua
932 934 1034 1018 magis
1055 932 1219 1018 magisque
1240 940 1417 1017 propagata
1437 931 1605 997 infectione
1626 932 1717 997 desti·

189 1084 192 1092 .
264 1045 372 1100 tuente
394 1033 553 1119 oppositio
580 1032 663 1096 inter
684 1030 821 1116 liquidas
851 1033 948 1098 oritur
971 1033 1083 1100 similis
1104 1033 1287 1098 hibernicae
1308 1033 1505 1118 oppositioni
1526 1034 1718 1121 liquidarum.

264 1136 392 1222 Exque
416 1135 499 1200 enim
521 1133 600 1198 haec
621 1131 750 1197 infectio
771 1133 876 1197 notari
898 1141 1012 1221 coepta
1034 1144 1091 1218 est,
1114 1134 1254 1219 liquidae
1275 1133 1474 1201 britannicae
1494 1145 1570 1202 sunt
1590 1146 1641 1202 aut
1660 1136 1721 1202 ori·

269 1237 420 1323 ginariae,
442 1259 507 1300 non
530 1235 708 1315 destitutae,
732 1242 786 1297 aut
807 1234 987 1300 destitutae.

350 1337 559 1405 Cambrica
580 1336 725 1422 scriptio,
755 1335 900 1399 nimirum
922 1335 998 1421 quia
1017 1336 1073 1400 illa
1098 1335 1299 1422 oppositione
1321 1337 1407 1403 facta
1427 1337 1568 1424 liquidae
1588 1361 1651 1404 non
1669 1339 1723 1404 de-

268 1441 396 1505 stitutae
429 1438 540 1504 lortius
563 1436 704 1523 prolatae
733 1446 821 1518 suut,
850 1436 933 1501 haud
963 1437 1054 1503 aliter
1081 1437 1149 1503 acsi
1172 1447 1281 1502 essent
1301 1439 1495 1524 geminatae,
1525 1440 1724 1506 communiter

270 1552 319 1607 est
351 1564 415 1606 una
448 1539 620 1624 eademque
640 1537 877 1625 primitivarum
908 1547 1003 1623 atque
1036 1538 1263 1625 geminatarum
1285 1536 1365 1620 (una
1386 1539 1522 1608 fortasse
1543 1568 1564 1605 a
1587 1550 1724 1627 excepta

267 1645 357 1708 cuius
372 1643 407 1707 in
421 1641 574 1706 hodierna
588 1641 700 1706 saltem
716 1638 887 1724 scriptione
905 1651 1067 1724 nusquam
1077 1649 1126 1706 est
1141 1639 1350 1724 differentia);
1367 1640 1586 1710 destitutarum
1601 1643 1726 1728 scriptio

267 1756 315 1809 est
338 1743 481 1829 simplex,
506 1743 525 1822 l,
547 1767 577 1820 a,
599 1765 626 1823 r,
649 1751 784 1826 excepta
804 1763 844 1822 nc,
869 1762 950 1824 quae
971 1740 1090 1807 infecta
1111 1741 1260 1807 scribitur
1281 1765 1302 1804 u
1324 1741 1373 1826 (a)
1394 1744 1448 1808 vel
1459 1744 1493 1826 f,
1515 1745 1669 1810 interdum
1682 1746 1726 1828 su

265 1845 332 1928 (cui
355 1842 579 1910 conferendum
602 1842 761 1907 suecicum
777 1841 830 1926 fc)
862 1851 897 1905 ut
924 1843 1074 1926 cpfuurolc
1095 1842 1183 1930 prael!
1203 1842 1352 1926 (salutem
1377 1845 1498 1931 dicere)
1520 1846 1607 1912 Mab.
1631 1850 1657 1928 3,
1676 1849 1726 1910 24.

267 1948 338 2010 201.
367 1969 408 2029 yn
432 1944 632 2029 agipsum-tal
653 1941 866 2028 (indecenter)
890 1946 917 2026 1,
934 1945 1006 2023 259,
1028 1942 1123 2029 hodie
1135 1944 1163 2026 f
1181 1943 1431 2030 (pronuntianda
1452 1946 1495 2032 c).

349 2045 403 2112 Ad
426 2045 652 2131 designandam
673 2044 825 2130 liquidam
848 2045 859 2107 l
879 2067 944 2108 non
959 2043 1142 2110 destitutam
1164 2057 1196 2110 et
1216 2046 1250 2109 in
1272 2045 1445 2131 codicibus,
1469 2059 1504 2113 ut
1525 2050 1559 2115 in
1577 2047 1673 2130 Mcb,
1697 2057 1729 2114 et

265 2146 359 2212 hodie
382 2145 547 2212 adhibetur
569 2145 740 2231 geminatio
764 2147 794 2227 ll,
817 2145 911 2210 etiam
932 2145 965 2209 in
987 2146 1145 2232 principio
1168 2169 1294 2228 vocum3
1317 2147 1471 2234 liquidar
1490 2173 1558 2215 non
1579 2150 1729 2216 destituta

268 2251 410 2334 signatur
431 2248 469 2310 rb
498 2247 606 2327 hodie,
634 2248 774 2312 nondum
802 2248 836 2311 in
865 2247 1038 2313 codicibus.
1066 2247 1128 2312 ·In
1154 2247 1205 2313 his
1226 2258 1332 2313 tamen
1359 2250 1506 2316 additad
1536 2251 1631 2317 etiam
1658 2261 1731 2337 post

267 2352 347 2417 alias
369 2349 507 2434 liquidas
530 2347 773 2433 geminationem
796 2348 998 2434 (praesertim
1020 2349 1248 2416 assimilatione
1270 2350 1384 2436 ortam)
1408 2351 1583 2438 significat,
1613 2354 1676 2418 iam
1695 2352 1731 2416 in

267 2454 335 2518 cod.
352 2450 413 2518 Ox.
428 2451 469 2515 A.
491 2452 526 2515 in
548 2450 737 2536 quibusdam
758 2451 922 2536 exemplis,
946 2473 1028 2536 quae
1051 2473 1147 2538 supra
1164 2452 1260 2517 allata
1281 2460 1362 2533 suut,
1385 2451 1583 2539 frequentius
1605 2454 1640 2518 in
1661 2451 1732 2518 aliis

267 2553 445 2626 codicibus:
469 2552 582 2615 icrllree
604 2551 698 2636 (alias
720 2553 833 2634 laruas,
857 2552 1034 2640 comitissa)
1054 2553 1089 2618 in
1103 2552 1311 2639 inscriptione
1327 2551 1447 2620 codicis
1468 2555 1555 2620 rubri
1577 2554 1734 2642 incipien-

267 2657 319 2721 tis.
343 2654 557 2738 antberawdpr
579 2652 626 2736 (=
640 2673 782 2735 amciter,
812 2655 904 2719 elat.
927 2653 1111 2741 imperator)
1141 2654 1229 2721 Mab.
1250 2653 1292 2740 fq.
1326 2656 1400 2720 licut
1420 2655 1582 2742 crpuahcll
1602 2657 1693 2741 (mox
1715 2656 1734 2720 1

268 2755 431 2843 urpcauel,
461 2754 532 2820 fons
557 2754 611 2840 [ad
631 2756 776 2820 verbum:
805 2755 929 2842 oculus]
957 2755 1197 2843 Argantellil),
1221 2757 1295 2843 pall
1317 2756 1428 2842 prndio
1452 2756 1541 2840 (mox
1556 2779 1592 2842 p.
1610 2759 1733 2843 penaio,

140 2857 141 2860 '
266 2859 355 2923 lacus
377 2855 431 2941 P.)
453 2855 491 2922 L.
506 2855 607 2920 Laud.
626 2857 695 2922 164.
714 2859 783 2922 165.
814 2857 979 2924 Saranbon
1001 2859 1046 2944 (n.
1070 2881 1117 2946 pr.
1139 2858 1209 2940 riri,
1231 2858 1265 2924 in
1287 2857 1359 2923 aliis
1381 2879 1515 2922 canon:
1553 2855 1736 2938 chcancrc,

269 2960 417 3023 Riucncc
437 2955 524 3022 Mab.
549 2958 577 3039 2,
597 2958 668 3022 222.
692 2959 807 3038 3‚144.
852 2959 1034 3040 Waraatoc,
1059 2961 1231 3041 obruatoa,
1257 2956 1410 3022 lli-ecaton
1437 2957 1472 3022 in
1492 2958 1590 3025 chart
1613 2958 1736 3044 Rhed.)

266 3060 353 3124 Mab.
369 3059 399 3140 2,
415 3059 487 3123 206.
515 3059 637 3122 mantea
659 3058 754 3142 (alias
769 3061 902 3142 minoen,
921 3062 1005 3148 ego),
1028 3061 1190 3148 kpuuadad
1210 3061 1260 3145 (in
1274 3057 1345 3125 aliis
1360 3059 1441 3125 locis
1455 3059 1621 3146 dyfcnaed,
1643 3063 1737 3148 regio

266 3160 444 3244 habitata),
463 3159 615 3244 kuenbpd
637 3159 685 3243 (in
708 3161 779 3227 aliis
802 3162 882 3228 locis
903 3163 1064 3249 lerenapd,
1087 3164 1189 3249 amor)
1211 3161 1298 3229 Mab.
1319 3159 1363 3246 fq.
1406 3159 1563 3247 Liquidae
1584 3185 1617 3226 m
1638 3163 1738 3250 origi-

267 3264 392 3344 nariae,
426 3260 543 3347 quippe
576 3283 658 3347 quae
691 3263 842 3328 destituta
874 3265 931 3328 fiat
961 3279 996 3347 a,
1019 3265 1054 3347 f,
1090 3265 1207 3330 sufficit
1239 3263 1368 3349 scriptio
1402 3261 1537 3348 simplex
1570 3285 1617 3345 m,
1652 3287 1738 3349 quae

264 3367 340 3451 ipsa
354 3385 480 3449 semper
499 3362 564 3426 fere
586 3363 620 3426 iu
636 3387 695 3429 usu
718 3375 767 3432 est
788 3387 845 3450 pro
860 3365 1019 3450 geminata
1041 3367 1165 3447 eadem3
1189 3365 1362 3450 codemque
1377 3385 1438 3429 usu
1460 3363 1564 3428 minus
1586 3375 1739 3430 scemate

267 3467 423 3531 interdum
446 3464 525 3528 aliae
547 3464 686 3549 liquidae
708 3466 894 3552 simpliciter
916 3467 1093 3531 scribuntur
1115 3467 1204 3533 utin
1218 3468 1260 3530 -el
1282 3467 1355 3552 (pro
1377 3465 1440 3546 -ell,
1461 3464 1496 3528 in
1518 3485 1616 3549 supra
1638 3466 1738 3531 dictis

268 3566 450 3653 exemplis),
475 3588 529 3629 car
554 3565 602 3649 (=
624 3589 705 3647 eurr,
728 3567 852 3651 carrus)
874 3564 971 3652 Leg,
993 3567 1074 3630 rllca
1095 3568 1200 3653 (pars)
1222 3567 1316 3633 hodie
1337 3587 1396 3651 pro
1418 3568 1529 3631 rdcan.

352 3665 523 3733 Cornice
551 3689 675 3753 quoquc
704 3674 739 3731 ut
760 3669 916 3735 cambriae
938 3668 1094 3733 interdum
1121 3669 1154 3732 in
1175 3662 1288 3734 mediis
1315 3668 1448 3734 vocibus
1470 3665 1610 3753 liquidae
1633 3671 1739 3754 gemi-

160 3789 163 3797 ’
268 3770 392 3834 nandae
415 3767 634 3852 significantur
655 3768 762 3833 addita
783 3769 816 3834 b:
840 3769 984 3833 tonderet
1007 3769 1137 3853 (saltus3
1160 3769 1317 3834 llcnnereb
1331 3769 1417 3835 Mab.
1432 3768 1492 3853 fq.)
1514 3767 1593 3834 Voc.
1614 3773 1740 3856 proelio
1790 3833 1791 3836 ,

269 3871 437 3958 (optimus,
464 3871 567 3956 quella
587 3869 625 3934 P.
648 3871 716 3952 112,
739 3869 774 3954 4)
797 3869 833 3934 P.
857 3872 926 3952 115,
943 3872 972 3935 2.
1006 3896 1026 3935 a
1047 3871 1147 3956 apulea
1174 3869 1245 3956 (qui
1265 3870 1375 3952 vellet3
1405 3871 1445 3936 al.
1467 3870 1576 3955 myro)
1606 3872 1683 3953 139,
1716 3879 1742 3937 1.

268 3972 483 4037 Veruntamen
504 3995 659 4058 nusquam
681 3972 792 4037 cadem
814 3972 995 4059 scriptione,
1018 3994 1059 4037 ne
1074 3972 1113 4035 rb
1128 3972 1254 4056 quidem
1270 3981 1324 4044 aut
1339 3973 1378 4054 lt,
1402 3971 1616 4058 significatam
1639 3973 1742 4040 rideo

255 4073 421 4160 'liquidam
435 4070 625 4157 primitiiam
638 4074 672 4137 in
686 4073 843 4161 principio
864 4075 963 4140 vocis.
998 4076 1048 4138 Ac
1063 4095 1188 4158 semper
1208 4073 1274 4140 fere
1297 4073 1431 4160 simplex
1452 4071 1615 4138 iuvenitur
1636 4095 1682 4154 m,
1710 4085 1744 4140 ut

148 4241 157 4250 ,
217 4197 223 4226 1
269 4177 302 4240 in
325 4174 386 4238 adi.
409 4196 476 4237 cam
497 4173 644 4259 (curvus)
672 4175 767 4257 Voc,
800 4177 834 4240 in
855 4175 1010 4262 particula
1036 4174 1187 4240 reflexiva
1207 4197 1271 4238 om·
1291 4173 1448 4260 frequenti
1475 4173 1510 4238 in
1531 4172 1568 4239 P.
1612 4171 1742 4255 Quam·

270 4298 362 4361 quam
394 4273 427 4338 in
449 4276 554 4340 media
579 4299 659 4342 voce
687 4277 828 4355 eiusdem
850 4277 1026 4362 geminatae
1054 4285 1128 4340 sunt
1148 4271 1294 4361 exempla
1314 4285 1350 4340 ut
1370 4291 1528 4361 a'ycmmc
1551 4275 1744 4361 (curvabat)

269 4377 306 4442 P.
327 4379 395 4458 137,
411 4378 440 4441 2.
463 4401 484 4440 α
500 4399 597 4442 amum
611 4377 844 4462 (osculabatur)
867 4381 938 4462 231,
957 4383 983 4442 l.
1020 4377 1058 4442 In
1074 4377 1201 4441 infimae
1222 4375 1335 4442 aetatis
1356 4375 1447 4441 libris
1467 4399 1512 4439 aa
1533 4386 1567 4442 et
1578 4399 1644 4440 mm
1668 4401 1744 4447 sae·
1816 4423 1817 4474 ,

268 4481 399 4567 pissime
420 4480 455 4545 in
477 4481 520 4542 dn
541 4490 573 4544 et
592 4480 641 4543 bm
662 4489 862 4566 transgressa
881 4480 1085 4545 inveniuntur
1107 4475 1624 4564 utpeda(caput)Or.182.916.
1644 4479 1745 4546 1019.
1816 4481 1817 4550 l

272 4586 363 4664 1597,
385 4579 488 4644 malm
503 4579 632 4665 (mater)
657 4581 857 4648 12091910.

352 4682 572 4750 Aremorici
595 4682 723 4748 codices
744 4704 810 4746 non
832 4679 932 4765 magis
956 4690 1073 4746 statum
1094 4681 1286 4770 primitivum
1307 4677 1499 4765 liquidarum
1520 4679 1587 4744 ulla
1606 4685 1747 4769 propria
1816 4687 1817 4766 ζ

273 4785 444 4870 scriptione
468 4783 680 4869 distinguunt,
708 4805 768 4849 nec
789 4781 1016 4868 geminatione,
1046 4805 1107 4849 neo
1125 4783 1236 4852 addita
1264 4784 1293 4848 Ιι.
1345 4781 1445 4847 Immo
1471 4781 1631 4846 interdum
1655 4783 1675 4846 b
1701 4786 1748 4850 ita

275 4885 385 4976 addita,
403 4896 462 4968 est,
488 4893 520 4948 ut
542 4885 710 4950 destitutas
731 4884 868 4972 liquidas
891 4883 1071 4969 significare
1092 4886 1245 4968 videatur,
1268 4883 1357 4948 utin
1377 4906 1409 4967 n.
1431 4906 1478 4970 pr.
1501 4881 1602 4949 chart.
1617 4883 1745 4954 Rhea:

280 4985 469 5052 Wrmleuelca
492 4981 696 5070 (Garmaelca
717 4987 752 5050 in
771 4985 933 5070 Kemperl.
954 4984 1036 5051 Mor.
1051 4985 1129 5071 465)
1151 4987 1180 5070 2,
1197 4987 1248 5052 25.
1285 4983 1488 5067 Wrmtcwen,
1515 4979 1748 5056 &manwen
