<?xml version="1.0" encoding="UTF-8"?>
<!DOCTYPE html PUBLIC "-//W3C//DTD XHTML 1.0 Transitional//EN"
    "http://www.w3.org/TR/xhtml1/DTD/xhtml1-transitional.dtd">
<html xmlns="http://www.w3.org/1999/xhtml" xml:lang="en" lang="en">
 <head>
  <title>
</title>
<meta http-equiv="Content-Type" content="text/html;charset=utf-8" />
  <meta name='ocr-system' content='tesseract 3.04.00' />
  <meta name='ocr-capabilities' content='ocr_page ocr_carea ocr_par ocr_line ocrx_word'/>
</head>
<body>
  <div class='ocr_page' id='page_1' title='image "./grammaticacelti00ebelgoog/grammaticacelti00ebelgoog_0362.png"; bbox 0 0 3622 5646; ppageno 0'>
   <div class='ocr_carea' id='block_1_1' title="bbox 353 375 1528 473">
    <p class='ocr_par' dir='ltr' id='par_1_1' title="bbox 353 375 1528 473">
     <span class='ocr_line' id='line_1_1' title="bbox 353 375 1528 473; baseline -0.006 -26"><span class='ocrx_word' id='word_1_1' title='bbox 353 469 354 473; x_wconf 7' lang='grc' dir='ltr'><strong>Ἰ</strong></span> <span class='ocrx_word' id='word_1_2' title='bbox 393 381 489 447; x_wconf 84' lang='lat'>11.4.</span> <span class='ocrx_word' id='word_1_3' title='bbox 523 397 624 444; x_wconf 73' lang='lat' dir='ltr'><strong>enon.</strong></span> <span class='ocrx_word' id='word_1_4' title='bbox 647 397 859 446; x_wconf 77' lang='lat' dir='ltr'><strong>umnnuroun</strong></span> <span class='ocrx_word' id='word_1_5' title='bbox 881 393 1195 444; x_wconf 75' lang='lat' dir='ltr'><strong>mrnneoonrrvnu.</strong></span> <span class='ocrx_word' id='word_1_6' title='bbox 1290 377 1359 440; x_wconf 73' lang='grc'><strong>1360.</strong></span> <span class='ocrx_word' id='word_1_7' title='bbox 1373 377 1434 438; x_wconf 83' lang='grc'><strong>361)</strong></span> <span class='ocrx_word' id='word_1_8' title='bbox 1466 375 1528 440; x_wconf 83' lang='grc'><strong>355</strong></span> 
     </span>
    </p>
   </div>
   <div class='ocr_carea' id='block_1_2' title="bbox 72 549 1625 2074">
    <p class='ocr_par' dir='ltr' id='par_1_2' title="bbox 72 549 1531 1466">
     <span class='ocr_line' id='line_1_2' title="bbox 72 549 1527 655; baseline 0.002 -24"><span class='ocrx_word' id='word_1_9' title='bbox 72 549 133 632; x_wconf 74' lang='grc' dir='ltr'>ιοιιι</span> <span class='ocrx_word' id='word_1_10' title='bbox 146 573 183 632; x_wconf 69' lang='lat' dir='ltr'><strong>tn</strong></span> <span class='ocrx_word' id='word_1_11' title='bbox 205 568 263 655; x_wconf 89' lang='lat' dir='ltr'><strong>(gl.</strong></span> <span class='ocrx_word' id='word_1_12' title='bbox 280 569 359 634; x_wconf 83' lang='lat' dir='ltr'><strong>deus</strong></span> <span class='ocrx_word' id='word_1_13' title='bbox 380 565 571 654; x_wconf 79' lang='lat' dir='ltr'><strong>temperavit</strong></span> <span class='ocrx_word' id='word_1_14' title='bbox 592 587 718 652; x_wconf 85' lang='lat' dir='ltr'><strong>eorpus,</strong></span> <span class='ocrx_word' id='word_1_15' title='bbox 742 565 772 630; x_wconf 94' lang='lat' dir='ltr'><strong>ei</strong></span> <span class='ocrx_word' id='word_1_16' title='bbox 787 565 838 630; x_wconf 90' lang='lat' dir='ltr'><strong>cni</strong></span> <span class='ocrx_word' id='word_1_17' title='bbox 854 564 972 646; x_wconf 74' lang='lat' dir='ltr'><strong>deerat,</strong></span> <span class='ocrx_word' id='word_1_18' title='bbox 996 561 1258 630; x_wconf 74' lang='lat' dir='ltr'><strong>abundantiorem</strong></span> <span class='ocrx_word' id='word_1_19' title='bbox 1279 563 1449 630; x_wconf 86' lang='lat' dir='ltr'><strong>tribuendo</strong></span> <span class='ocrx_word' id='word_1_20' title='bbox 1470 566 1527 636; x_wconf 92' lang='lat' dir='ltr'><strong>ho·</strong></span> 
     </span>
     <span class='ocr_line' id='line_1_3' title="bbox 72 663 1528 754; baseline -0.005 -19"><span class='ocrx_word' id='word_1_21' title='bbox 72 695 177 752; x_wconf 88' lang='lat' dir='ltr'><strong>norem,</strong></span> <span class='ocrx_word' id='word_1_22' title='bbox 201 675 228 736; x_wconf 99' lang='grc'><strong>1.</strong></span> <span class='ocrx_word' id='word_1_23' title='bbox 245 669 320 736; x_wconf 80' lang='lat' dir='ltr'><strong>Gor.</strong></span> <span class='ocrx_word' id='word_1_24' title='bbox 339 670 387 750; x_wconf 84' lang='grc'><strong>12,</strong></span> <span class='ocrx_word' id='word_1_25' title='bbox 404 669 460 753; x_wconf 87' lang='grc'><strong>24)</strong></span> <span class='ocrx_word' id='word_1_26' title='bbox 479 669 538 732; x_wconf 90' lang='grc'><strong>121.</strong></span> <span class='ocrx_word' id='word_1_27' title='bbox 566 679 653 731; x_wconf 70' lang='lat' dir='ltr'><strong>ornat</strong></span> <span class='ocrx_word' id='word_1_28' title='bbox 675 669 802 732; x_wconf 76' lang='lat' dir='ltr'><strong>nodaom</strong></span> <span class='ocrx_word' id='word_1_29' title='bbox 824 665 952 730; x_wconf 79' lang='lat' dir='ltr'><strong>acciditi</strong></span> <span class='ocrx_word' id='word_1_30' title='bbox 970 666 1037 729; x_wconf 79' lang='lat' dir='ltr'><strong>coit.</strong></span> <span class='ocrx_word' id='word_1_31' title='bbox 1052 687 1079 728; x_wconf 75' lang='lat' dir='ltr'><strong>r.</strong></span> <span class='ocrx_word' id='word_1_32' title='bbox 1096 663 1154 752; x_wconf 78' lang='lat' dir='ltr'><strong>(gl.</strong></span> <span class='ocrx_word' id='word_1_33' title='bbox 1172 665 1352 736; x_wconf 75' lang='lat' dir='ltr'><strong>accidentia</strong></span> <span class='ocrx_word' id='word_1_34' title='bbox 1365 669 1528 754; x_wconf 69' lang='lat' dir='ltr'><strong>generalia</strong></span> 
     </span>
     <span class='ocr_line' id='line_1_4' title="bbox 72 764 1531 856; baseline -0.001 -19"><span class='ocrx_word' id='word_1_35' title='bbox 72 774 127 838; x_wconf 82' lang='lat' dir='ltr'><strong>sore</strong></span> <span class='ocrx_word' id='word_1_36' title='bbox 154 783 228 838; x_wconf 87' lang='lat' dir='ltr'><strong>sunt</strong></span> <span class='ocrx_word' id='word_1_37' title='bbox 263 773 304 838; x_wconf 81' lang='lat' dir='ltr'><strong>ad</strong></span> <span class='ocrx_word' id='word_1_38' title='bbox 331 792 441 836; x_wconf 89' lang='lat' dir='ltr'><strong>omnes</strong></span> <span class='ocrx_word' id='word_1_39' title='bbox 470 768 596 855; x_wconf 88' lang='lat' dir='ltr'><strong>species</strong></span> <span class='ocrx_word' id='word_1_40' title='bbox 625 769 759 856; x_wconf 83' lang='lat' dir='ltr'><strong>partium</strong></span> <span class='ocrx_word' id='word_1_41' title='bbox 780 766 1015 855; x_wconf 85' lang='lat' dir='ltr'><strong>perfectarum)</strong></span> <span class='ocrx_word' id='word_1_42' title='bbox 1043 764 1098 852; x_wconf 85' lang='lat' dir='ltr'><strong>Sg.</strong></span> <span class='ocrx_word' id='word_1_43' title='bbox 1119 768 1180 830; x_wconf 81' lang='grc'><strong>111.</strong></span> <span class='ocrx_word' id='word_1_44' title='bbox 1216 766 1348 832; x_wconf 67' lang='lat' dir='ltr'><strong>deheim</strong></span> <span class='ocrx_word' id='word_1_45' title='bbox 1374 771 1531 836; x_wconf 70' lang='grc' dir='ltr'><strong>ι’παιιῖιάιισ</strong></span> 
     </span>
     <span class='ocr_line' id='line_1_5' title="bbox 74 868 1531 961; baseline 0.001 -23"><span class='ocrx_word' id='word_1_46' title='bbox 74 877 187 939; x_wconf 76' lang='lat' dir='ltr'><strong>andrum</strong></span> <span class='ocrx_word' id='word_1_47' title='bbox 208 875 269 961; x_wconf 79' lang='lat' dir='ltr'><strong>(gl.</strong></span> <span class='ocrx_word' id='word_1_48' title='bbox 291 875 386 938; x_wconf 86' lang='lat' dir='ltr'><strong>tertia</strong></span> <span class='ocrx_word' id='word_1_49' title='bbox 407 894 560 959; x_wconf 81' lang='lat' dir='ltr'><strong>persona,</strong></span> <span class='ocrx_word' id='word_1_50' title='bbox 584 894 666 956; x_wconf 86' lang='lat' dir='ltr'><strong>quae</strong></span> <span class='ocrx_word' id='word_1_51' title='bbox 689 881 740 936; x_wconf 85' lang='lat' dir='ltr'><strong>est</strong></span> <span class='ocrx_word' id='word_1_52' title='bbox 760 871 810 936; x_wconf 87' lang='lat' dir='ltr'><strong>sni</strong></span> <span class='ocrx_word' id='word_1_53' title='bbox 833 868 895 935; x_wconf 87' lang='lat' dir='ltr'><strong>sibi</strong></span> <span class='ocrx_word' id='word_1_54' title='bbox 919 891 954 934; x_wconf 85' lang='lat' dir='ltr'><strong>se</strong></span> <span class='ocrx_word' id='word_1_55' title='bbox 976 892 996 932; x_wconf 87' lang='lat' dir='ltr'><strong>a</strong></span> <span class='ocrx_word' id='word_1_56' title='bbox 1018 891 1067 950; x_wconf 92' lang='lat' dir='ltr'><strong>se,</strong></span> <span class='ocrx_word' id='word_1_57' title='bbox 1095 892 1160 934; x_wconf 92' lang='lat' dir='ltr'><strong>non</strong></span> <span class='ocrx_word' id='word_1_58' title='bbox 1184 868 1287 936; x_wconf 89' lang='lat' dir='ltr'><strong>solum</strong></span> <span class='ocrx_word' id='word_1_59' title='bbox 1308 891 1442 956; x_wconf 84' lang='lat' dir='ltr'><strong>genera,</strong></span> <span class='ocrx_word' id='word_1_60' title='bbox 1472 875 1531 943; x_wconf 84' lang='lat' dir='ltr'><strong>sed</strong></span> 
     </span>
     <span class='ocr_line' id='line_1_6' title="bbox 74 969 1529 1060; baseline -0.001 -18"><span class='ocrx_word' id='word_1_61' title='bbox 74 978 157 1042; x_wconf 84' lang='lat' dir='ltr'><strong>etiam</strong></span> <span class='ocrx_word' id='word_1_62' title='bbox 183 998 350 1042; x_wconf 88' lang='lat' dir='ltr'><strong>numerum</strong></span> <span class='ocrx_word' id='word_1_63' title='bbox 378 973 558 1054; x_wconf 88' lang='lat' dir='ltr'><strong>confundit,</strong></span> <span class='ocrx_word' id='word_1_64' title='bbox 585 994 646 1037; x_wconf 89' lang='lat' dir='ltr'><strong>nec</strong></span> <span class='ocrx_word' id='word_1_65' title='bbox 667 972 795 1052; x_wconf 73' lang='lat' dir='ltr'><strong>mirum,</strong></span> <span class='ocrx_word' id='word_1_66' title='bbox 822 973 843 1037; x_wconf 87' lang='lat' dir='ltr'><strong>i.</strong></span> <span class='ocrx_word' id='word_1_67' title='bbox 865 994 892 1037; x_wconf 88' lang='lat' dir='ltr'><strong>e.</strong></span> <span class='ocrx_word' id='word_1_68' title='bbox 920 971 1004 1058; x_wconf 88' lang='lat' dir='ltr'><strong>quod</strong></span> <span class='ocrx_word' id='word_1_69' title='bbox 1034 981 1083 1037; x_wconf 87' lang='lat' dir='ltr'><strong>est</strong></span> <span class='ocrx_word' id='word_1_70' title='bbox 1110 969 1254 1037; x_wconf 84' lang='lat' dir='ltr'><strong>confusio</strong></span> <span class='ocrx_word' id='word_1_71' title='bbox 1282 971 1316 1036; x_wconf 88' lang='lat' dir='ltr'><strong>in</strong></span> <span class='ocrx_word' id='word_1_72' title='bbox 1338 972 1417 1060; x_wconf 88' lang='lat' dir='ltr'><strong>illa)</strong></span> <span class='ocrx_word' id='word_1_73' title='bbox 1449 979 1529 1044; x_wconf 82' lang='grc'><strong>1971.</strong></span> 
     </span>
     <span class='ocr_line' id='line_1_7' title="bbox 73 1071 1529 1162; baseline 0.003 -22"><span class='ocrx_word' id='word_1_74' title='bbox 73 1078 221 1142; x_wconf 75' lang='lat' dir='ltr'><strong>ontdelboe</strong></span> <span class='ocrx_word' id='word_1_75' title='bbox 243 1075 263 1140; x_wconf 89' lang='lat'><em>7</em></span> <span class='ocrx_word' id='word_1_76' title='bbox 286 1075 414 1162; x_wconf 70' lang='lat' dir='ltr'><strong>ootr&#39;rpne‘</strong></span> <span class='ocrx_word' id='word_1_77' title='bbox 434 1076 576 1140; x_wconf 78' lang='lat' dir='ltr'><strong>oenelobo</strong></span> <span class='ocrx_word' id='word_1_78' title='bbox 598 1076 726 1138; x_wconf 80' lang='lat' dir='ltr'><strong>ondeom</strong></span> <span class='ocrx_word' id='word_1_79' title='bbox 749 1071 836 1156; x_wconf 88' lang='lat' dir='ltr'><strong>(octo</strong></span> <span class='ocrx_word' id='word_1_80' title='bbox 860 1072 986 1160; x_wconf 90' lang='lat' dir='ltr'><strong>species</strong></span> <span class='ocrx_word' id='word_1_81' title='bbox 1016 1082 1047 1136; x_wconf 87' lang='lat' dir='ltr'><strong>et</strong></span> <span class='ocrx_word' id='word_1_82' title='bbox 1068 1080 1140 1138; x_wconf 90' lang='lat' dir='ltr'><strong>octo</strong></span> <span class='ocrx_word' id='word_1_83' title='bbox 1164 1072 1282 1139; x_wconf 87' lang='lat' dir='ltr'><strong>formae</strong></span> <span class='ocrx_word' id='word_1_84' title='bbox 1305 1078 1471 1158; x_wconf 76' lang='lat' dir='ltr'><strong>generales</strong></span> <span class='ocrx_word' id='word_1_85' title='bbox 1494 1079 1529 1146; x_wconf 90' lang='lat' dir='ltr'><strong>in</strong></span> 
     </span>
     <span class='ocr_line' id='line_1_8' title="bbox 73 1173 1529 1267; baseline 0.002 -26"><span class='ocrx_word' id='word_1_86' title='bbox 73 1179 131 1258; x_wconf 91' lang='lat' dir='ltr'><strong>illo,</strong></span> <span class='ocrx_word' id='word_1_87' title='bbox 152 1179 323 1262; x_wconf 84' lang='lat' dir='ltr'><strong>praeterito</strong></span> <span class='ocrx_word' id='word_1_88' title='bbox 346 1175 503 1263; x_wconf 89' lang='lat' dir='ltr'><strong>perfecto)</strong></span> <span class='ocrx_word' id='word_1_89' title='bbox 534 1178 614 1241; x_wconf 77' lang='grc'><strong>1661.</strong></span> <span class='ocrx_word' id='word_1_90' title='bbox 649 1175 723 1240; x_wconf 76' lang='lat' dir='ltr'><strong>cicrll</strong></span> <span class='ocrx_word' id='word_1_91' title='bbox 745 1185 791 1258; x_wconf 84' lang='lat' dir='ltr'><strong>pt.</strong></span> <span class='ocrx_word' id='word_1_92' title='bbox 811 1173 951 1260; x_wconf 80' lang='lat' dir='ltr'><strong>plusqpf.</strong></span> <span class='ocrx_word' id='word_1_93' title='bbox 974 1196 1081 1238; x_wconf 73' lang='lat' dir='ltr'><strong>annom</strong></span> <span class='ocrx_word' id='word_1_94' title='bbox 1102 1175 1239 1240; x_wconf 64' lang='lat' dir='ltr'><strong>teotolo</strong></span> <span class='ocrx_word' id='word_1_95' title='bbox 1262 1175 1394 1260; x_wconf 81' lang='lat' dir='ltr'><strong>(sensus</strong></span> <span class='ocrx_word' id='word_1_96' title='bbox 1417 1189 1461 1266; x_wconf 82' lang='lat' dir='ltr'><strong>pt</strong></span> <span class='ocrx_word' id='word_1_97' title='bbox 1475 1177 1529 1267; x_wconf 74' lang='lat' dir='ltr'><strong>pl.</strong></span> 
     </span>
     <span class='ocr_line' id='line_1_9' title="bbox 73 1273 1531 1367; baseline 0.001 -24"><span class='ocrx_word' id='word_1_98' title='bbox 73 1281 110 1343; x_wconf 86' lang='lat' dir='ltr'><strong>ibi</strong></span> <span class='ocrx_word' id='word_1_99' title='bbox 135 1281 166 1344; x_wconf 91' lang='lat' dir='ltr'><strong>in</strong></span> <span class='ocrx_word' id='word_1_100' title='bbox 188 1279 259 1364; x_wconf 93' lang='lat' dir='ltr'><strong>illo)</strong></span> <span class='ocrx_word' id='word_1_101' title='bbox 281 1281 361 1343; x_wconf 78' lang='lat'>151⁸.</span> <span class='ocrx_word' id='word_1_102' title='bbox 411 1275 492 1344; x_wconf 86' lang='lat' dir='ltr'><strong>Cum</strong></span> <span class='ocrx_word' id='word_1_103' title='bbox 519 1289 530 1340; x_wconf 88' lang='lat' dir='ltr'><strong>t</strong></span> <span class='ocrx_word' id='word_1_104' title='bbox 558 1285 631 1342; x_wconf 81' lang='lat' dir='ltr'><strong>ante</strong></span> <span class='ocrx_word' id='word_1_105' title='bbox 651 1300 680 1342; x_wconf 82' lang='lat' dir='ltr'><strong>c:</strong></span> <span class='ocrx_word' id='word_1_106' title='bbox 714 1277 769 1340; x_wconf 72' lang='lat' dir='ltr'><strong>rhei</strong></span> <span class='ocrx_word' id='word_1_107' title='bbox 788 1274 910 1339; x_wconf 80' lang='lat' dir='ltr'><strong>oe‘tbor&#39;d</strong></span> <span class='ocrx_word' id='word_1_108' title='bbox 930 1273 1068 1340; x_wconf 81' lang='lat' dir='ltr'><strong>aloaoilc</strong></span> <span class='ocrx_word' id='word_1_109' title='bbox 1088 1278 1192 1339; x_wconf 65' lang='lat' dir='ltr'><strong>aowin</strong></span> <span class='ocrx_word' id='word_1_110' title='bbox 1221 1275 1287 1359; x_wconf 88' lang='lat' dir='ltr'><strong>(est</strong></span> <span class='ocrx_word' id='word_1_111' title='bbox 1315 1277 1395 1344; x_wconf 86' lang='lat' dir='ltr'><strong>haec</strong></span> <span class='ocrx_word' id='word_1_112' title='bbox 1422 1284 1531 1367; x_wconf 89' lang='lat' dir='ltr'><strong>opinio</strong></span> 
     </span>
     <span class='ocr_line' id='line_1_10' title="bbox 74 1379 509 1466; baseline -0.005 -20"><span class='ocrx_word' id='word_1_113' title='bbox 74 1383 260 1466; x_wconf 88' lang='lat' dir='ltr'><strong>quorundam</strong></span> <span class='ocrx_word' id='word_1_114' title='bbox 282 1382 351 1466; x_wconf 93' lang='lat' dir='ltr'><strong>hic)</strong></span> <span class='ocrx_word' id='word_1_115' title='bbox 372 1379 431 1446; x_wconf 86' lang='lat' dir='ltr'><strong>Ml.</strong></span> <span class='ocrx_word' id='word_1_116' title='bbox 448 1381 509 1444; x_wconf 81' lang='grc'><strong>361.</strong></span> 
     </span>
    </p>

    <p class='ocr_par' dir='ltr' id='par_1_3' title="bbox 74 1477 1625 2074">
     <span class='ocr_line' id='line_1_11' title="bbox 147 1477 1535 1570; baseline 0.003 -19"><span class='ocrx_word' id='word_1_117' title='bbox 147 1483 265 1551; x_wconf 88' lang='lat' dir='ltr'>SUND</span> <span class='ocrx_word' id='word_1_118' title='bbox 289 1482 463 1566; x_wconf 87' lang='lat' dir='ltr'><strong>(interdum</strong></span> <span class='ocrx_word' id='word_1_119' title='bbox 484 1492 564 1562; x_wconf 69' lang='lat' dir='ltr'><strong>cum,</strong></span> <span class='ocrx_word' id='word_1_120' title='bbox 589 1477 777 1566; x_wconf 88' lang='lat' dir='ltr'><strong>compendio</strong></span> <span class='ocrx_word' id='word_1_121' title='bbox 800 1477 976 1566; x_wconf 71' lang='lat' dir='ltr'><strong>scriptume</strong></span> <span class='ocrx_word' id='word_1_122' title='bbox 998 1479 1051 1564; x_wconf 83' lang='lat' dir='ltr'><strong>st.)</strong></span> <span class='ocrx_word' id='word_1_123' title='bbox 1074 1477 1180 1543; x_wconf 83' lang='lat' dir='ltr'><strong>differt</strong></span> <span class='ocrx_word' id='word_1_124' title='bbox 1198 1480 1239 1546; x_wconf 82' lang='lat' dir='ltr'><strong>ab</strong></span> <span class='ocrx_word' id='word_1_125' title='bbox 1255 1481 1329 1562; x_wconf 79' lang='lat' dir='ltr'><strong>aad,</strong></span> <span class='ocrx_word' id='word_1_126' title='bbox 1352 1493 1387 1548; x_wconf 91' lang='lat' dir='ltr'><strong>ut</strong></span> <span class='ocrx_word' id='word_1_127' title='bbox 1407 1487 1421 1548; x_wconf 80' lang='grc' dir='ltr'><strong>ι’</strong></span> <span class='ocrx_word' id='word_1_128' title='bbox 1440 1492 1535 1570; x_wconf 65' lang='lat' dir='ltr'><strong>seira</strong></span> 
     </span>
     <span class='ocr_line' id='line_1_12' title="bbox 75 1579 1532 1668; baseline -0.007 -18"><span class='ocrx_word' id='word_1_129' title='bbox 75 1588 108 1650; x_wconf 80' lang='grc' dir='ltr'><strong>όιι</strong></span> <span class='ocrx_word' id='word_1_130' title='bbox 127 1606 147 1652; x_wconf 83' lang='grc' dir='ltr'><strong>ιι</strong></span> <span class='ocrx_word' id='word_1_131' title='bbox 164 1591 226 1652; x_wconf 78' lang='lat' dir='ltr'><strong>son.</strong></span> <span class='ocrx_word' id='word_1_132' title='bbox 272 1583 439 1648; x_wconf 83' lang='lat' dir='ltr'><strong>Invenitur</strong></span> <span class='ocrx_word' id='word_1_133' title='bbox 465 1583 512 1646; x_wconf 83' lang='lat' dir='ltr'><strong>ita</strong></span> <span class='ocrx_word' id='word_1_134' title='bbox 532 1593 607 1666; x_wconf 88' lang='lat' dir='ltr'><strong>post</strong></span> <span class='ocrx_word' id='word_1_135' title='bbox 627 1579 897 1667; x_wconf 81' lang='lat' dir='ltr'><strong>praepositiones,</strong></span> <span class='ocrx_word' id='word_1_136' title='bbox 925 1589 961 1643; x_wconf 88' lang='lat' dir='ltr'><strong>ut</strong></span> <span class='ocrx_word' id='word_1_137' title='bbox 982 1579 1066 1644; x_wconf 88' lang='lat' dir='ltr'><strong>idem</strong></span> <span class='ocrx_word' id='word_1_138' title='bbox 1087 1579 1193 1648; x_wconf 80' lang='lat' dir='ltr'><strong>valeat</strong></span> <span class='ocrx_word' id='word_1_139' title='bbox 1218 1603 1257 1648; x_wconf 86' lang='lat' dir='ltr'><strong>ac</strong></span> <span class='ocrx_word' id='word_1_140' title='bbox 1279 1605 1455 1668; x_wconf 73' lang='lat' dir='ltr'><strong>pronomen</strong></span> <span class='ocrx_word' id='word_1_141' title='bbox 1476 1591 1532 1657; x_wconf 57' lang='lat' dir='ltr'><strong>ab.</strong></span> 
     </span>
     <span class='ocr_line' id='line_1_13' title="bbox 75 1679 1533 1770; baseline 0.004 -18"><span class='ocrx_word' id='word_1_142' title='bbox 75 1699 213 1753; x_wconf 81' lang='lat' dir='ltr'><strong>structum</strong></span> <span class='ocrx_word' id='word_1_143' title='bbox 235 1695 338 1750; x_wconf 87' lang='lat' dir='ltr'><strong>neutr.</strong></span> <span class='ocrx_word' id='word_1_144' title='bbox 360 1686 419 1764; x_wconf 79' lang='lat' dir='ltr'><strong>ein,</strong></span> <span class='ocrx_word' id='word_1_145' title='bbox 441 1684 537 1747; x_wconf 66' lang='lat' dir='ltr'><strong>ineo:</strong></span> <span class='ocrx_word' id='word_1_146' title='bbox 564 1682 757 1746; x_wconf 76' lang='lat' dir='ltr'><strong>robcleodocl</strong></span> <span class='ocrx_word' id='word_1_147' title='bbox 779 1694 806 1744; x_wconf 85' lang='lat' dir='ltr'><strong>et</strong></span> <span class='ocrx_word' id='word_1_148' title='bbox 826 1679 1020 1765; x_wconf 70' lang='lat' dir='ltr'><strong>robjbthiped</strong></span> <span class='ocrx_word' id='word_1_149' title='bbox 1040 1682 1079 1744; x_wconf 87' lang='lat' dir='ltr'><strong>do</strong></span> <span class='ocrx_word' id='word_1_150' title='bbox 1100 1694 1171 1745; x_wconf 80' lang='lat' dir='ltr'><strong>eunt</strong></span> <span class='ocrx_word' id='word_1_151' title='bbox 1192 1683 1250 1770; x_wconf 82' lang='lat' dir='ltr'><strong>(gl.</strong></span> <span class='ocrx_word' id='word_1_152' title='bbox 1272 1685 1307 1750; x_wconf 91' lang='lat' dir='ltr'><strong>in</strong></span> <span class='ocrx_word' id='word_1_153' title='bbox 1329 1688 1459 1755; x_wconf 72' lang='lat' dir='ltr'><strong>caritate</strong></span> <span class='ocrx_word' id='word_1_154' title='bbox 1481 1716 1533 1758; x_wconf 84' lang='lat' dir='ltr'><strong>ra-</strong></span> 
     </span>
     <span class='ocr_line' id='line_1_14' title="bbox 77 1779 1625 1880; baseline -0.003 -25"><span class='ocrx_word' id='word_1_155' title='bbox 77 1791 164 1855; x_wconf 83' lang='lat' dir='ltr'><strong>dicati</strong></span> <span class='ocrx_word' id='word_1_156' title='bbox 187 1799 218 1854; x_wconf 89' lang='lat' dir='ltr'><strong>et</strong></span> <span class='ocrx_word' id='word_1_157' title='bbox 239 1786 374 1866; x_wconf 78' lang='lat' dir='ltr'><strong>firndati,</strong></span> <span class='ocrx_word' id='word_1_158' title='bbox 394 1795 429 1849; x_wconf 91' lang='lat' dir='ltr'><strong>ut</strong></span> <span class='ocrx_word' id='word_1_159' title='bbox 449 1784 599 1871; x_wconf 70' lang='lat' dir='ltr'><strong>possitis,</strong></span> <span class='ocrx_word' id='word_1_160' title='bbox 622 1785 642 1848; x_wconf 91' lang='lat' dir='ltr'><strong>i.</strong></span> <span class='ocrx_word' id='word_1_161' title='bbox 660 1807 687 1848; x_wconf 91' lang='lat' dir='ltr'><strong>e.</strong></span> <span class='ocrx_word' id='word_1_162' title='bbox 704 1783 830 1863; x_wconf 85' lang='lat' dir='ltr'><strong>adhoc,</strong></span> <span class='ocrx_word' id='word_1_163' title='bbox 854 1792 887 1846; x_wconf 89' lang='lat' dir='ltr'><strong>ut</strong></span> <span class='ocrx_word' id='word_1_164' title='bbox 900 1830 907 1845; x_wconf 93' lang='lat'><strong>.</strong></span> <span class='ocrx_word' id='word_1_165' title='bbox 920 1782 944 1866; x_wconf 90' lang='lat'><strong>.)</strong></span> <span class='ocrx_word' id='word_1_166' title='bbox 961 1779 1035 1847; x_wconf 88' lang='lat' dir='ltr'><strong>Wb.</strong></span> <span class='ocrx_word' id='word_1_167' title='bbox 1052 1785 1113 1848; x_wconf 81' lang='grc'><strong>211.</strong></span> <span class='ocrx_word' id='word_1_168' title='bbox 1142 1785 1291 1856; x_wconf 67' lang='lat' dir='ltr'><strong>hdomnd</strong></span> <span class='ocrx_word' id='word_1_169' title='bbox 1310 1789 1455 1866; x_wconf 70' lang='lat' dir='ltr'><strong>roseided</strong></span> <span class='ocrx_word' id='word_1_170' title='bbox 1475 1793 1533 1880; x_wconf 78' lang='lat' dir='ltr'><strong>(gL</strong></span> <span class='ocrx_word' id='word_1_171' title='bbox 1602 1781 1625 1846; x_wconf 78' lang='lat'><strong>.&#39;</strong></span> 
     </span>
     <span class='ocr_line' id='line_1_15' title="bbox 74 1883 1531 1980; baseline 0.003 -26"><span class='ocrx_word' id='word_1_172' title='bbox 74 1889 236 1976; x_wconf 87' lang='lat' dir='ltr'><strong>Tychicum</strong></span> <span class='ocrx_word' id='word_1_173' title='bbox 257 1889 388 1956; x_wconf 86' lang='lat' dir='ltr'><strong>fratrem</strong></span> <span class='ocrx_word' id='word_1_174' title='bbox 410 1885 482 1952; x_wconf 89' lang='lat' dir='ltr'><strong>misi</strong></span> <span class='ocrx_word' id='word_1_175' title='bbox 505 1885 546 1950; x_wconf 87' lang='lat' dir='ltr'><strong>ad</strong></span> <span class='ocrx_word' id='word_1_176' title='bbox 567 1908 625 1950; x_wconf 85' lang='lat' dir='ltr'><strong>vos</strong></span> <span class='ocrx_word' id='word_1_177' title='bbox 646 1885 681 1949; x_wconf 90' lang='lat' dir='ltr'><strong>in</strong></span> <span class='ocrx_word' id='word_1_178' title='bbox 703 1885 765 1950; x_wconf 90' lang='lat' dir='ltr'><strong>hoo</strong></span> <span class='ocrx_word' id='word_1_179' title='bbox 785 1884 907 1971; x_wconf 86' lang='lat' dir='ltr'><strong>ipsum)</strong></span> <span class='ocrx_word' id='word_1_180' title='bbox 936 1884 996 1948; x_wconf 80' lang='grc'><strong>231.</strong></span> <span class='ocrx_word' id='word_1_181' title='bbox 1032 1884 1152 1948; x_wconf 63' lang='lat' dir='ltr'><strong>docum</strong></span> <span class='ocrx_word' id='word_1_182' title='bbox 1177 1883 1236 1972; x_wconf 75' lang='lat' dir='ltr'><strong>(gl.</strong></span> <span class='ocrx_word' id='word_1_183' title='bbox 1265 1889 1306 1954; x_wconf 78' lang='lat' dir='ltr'><strong>ad</strong></span> <span class='ocrx_word' id='word_1_184' title='bbox 1332 1887 1394 1959; x_wconf 90' lang='lat' dir='ltr'><strong>hoo</strong></span> <span class='ocrx_word' id='word_1_185' title='bbox 1415 1895 1531 1980; x_wconf 85' lang='lat' dir='ltr'><strong>ipsum,</strong></span> 
     </span>
     <span class='ocr_line' id='line_1_16' title="bbox 75 1985 1534 2074; baseline 0.001 -18"><span class='ocrx_word' id='word_1_186' title='bbox 75 1993 138 2056; x_wconf 87' lang='lat' dir='ltr'><strong>nisi</strong></span> <span class='ocrx_word' id='word_1_187' title='bbox 159 1992 197 2056; x_wconf 82' lang='lat' dir='ltr'><strong>ad</strong></span> <span class='ocrx_word' id='word_1_188' title='bbox 220 1991 296 2074; x_wconf 86' lang='lat' dir='ltr'><strong>vos)</strong></span> <span class='ocrx_word' id='word_1_189' title='bbox 319 1991 381 2054; x_wconf 79' lang='grc'><strong>271.</strong></span> <span class='ocrx_word' id='word_1_190' title='bbox 415 1988 514 2052; x_wconf 79' lang='lat' dir='ltr'><strong>oruod</strong></span> <span class='ocrx_word' id='word_1_191' title='bbox 531 1988 648 2051; x_wconf 69' lang='lat' dir='ltr'><strong>inbono</strong></span> <span class='ocrx_word' id='word_1_192' title='bbox 672 1985 729 2072; x_wconf 84' lang='lat' dir='ltr'><strong>(gl.</strong></span> <span class='ocrx_word' id='word_1_193' title='bbox 746 1987 785 2050; x_wconf 88' lang='lat' dir='ltr'><strong>de</strong></span> <span class='ocrx_word' id='word_1_194' title='bbox 801 1996 907 2052; x_wconf 89' lang='lat' dir='ltr'><strong>cetero</strong></span> <span class='ocrx_word' id='word_1_195' title='bbox 929 1987 1043 2052; x_wconf 81' lang='lat' dir='ltr'><strong>fratres</strong></span> <span class='ocrx_word' id='word_1_196' title='bbox 1067 1987 1304 2072; x_wconf 83' lang='lat' dir='ltr'><strong>confortamini;</strong></span> <span class='ocrx_word' id='word_1_197' title='bbox 1327 1991 1348 2057; x_wconf 92' lang='lat' dir='ltr'><strong>i.</strong></span> <span class='ocrx_word' id='word_1_198' title='bbox 1365 2016 1393 2058; x_wconf 89' lang='lat' dir='ltr'><strong>e.</strong></span> <span class='ocrx_word' id='word_1_199' title='bbox 1415 1997 1534 2064; x_wconf 81' lang='lat' dir='ltr'><strong>abhoc</strong></span> 
     </span>
    </p>
   </div>
   <div class='ocr_carea' id='block_1_3' title="bbox 76 2087 1635 2178">
    <p class='ocr_par' dir='ltr' id='par_1_4' title="bbox 76 2087 1635 2178">
     <span class='ocr_line' id='line_1_17' title="bbox 76 2087 1635 2178; baseline 0.006 -20"><span class='ocrx_word' id='word_1_200' title='bbox 76 2093 191 2176; x_wconf 85' lang='lat' dir='ltr'><strong>eodem)</strong></span> <span class='ocrx_word' id='word_1_201' title='bbox 219 2093 280 2156; x_wconf 83' lang='grc'><strong>221.</strong></span> <span class='ocrx_word' id='word_1_202' title='bbox 311 2089 444 2178; x_wconf 79' lang='lat' dir='ltr'><strong>dopaba&#39;l</strong></span> <span class='ocrx_word' id='word_1_203' title='bbox 470 2089 664 2153; x_wconf 74' lang='lat' dir='ltr'><strong>desimroobto</strong></span> <span class='ocrx_word' id='word_1_204' title='bbox 690 2089 805 2152; x_wconf 61' lang='lat' dir='ltr'><strong>dorne</strong></span> <span class='ocrx_word' id='word_1_205' title='bbox 831 2091 872 2152; x_wconf 76' lang='lat' dir='ltr'><strong>er&#39;e</strong></span> <span class='ocrx_word' id='word_1_206' title='bbox 900 2089 981 2152; x_wconf 78' lang='lat' dir='ltr'><strong>heile</strong></span> <span class='ocrx_word' id='word_1_207' title='bbox 1007 2087 1071 2174; x_wconf 87' lang='lat' dir='ltr'><strong>(gl.</strong></span> <span class='ocrx_word' id='word_1_208' title='bbox 1100 2096 1135 2152; x_wconf 88' lang='lat' dir='ltr'><strong>tu</strong></span> <span class='ocrx_word' id='word_1_209' title='bbox 1166 2090 1338 2156; x_wconf 84' lang='lat' dir='ltr'><strong>adsecutus</strong></span> <span class='ocrx_word' id='word_1_210' title='bbox 1366 2117 1402 2162; x_wconf 86' lang='lat' dir='ltr'><strong>es</strong></span> <span class='ocrx_word' id='word_1_211' title='bbox 1430 2121 1534 2167; x_wconf 84' lang='lat' dir='ltr'><strong>meam</strong></span> <span class='ocrx_word' id='word_1_212' title='bbox 1630 2175 1635 2178; x_wconf 62' lang='grc'><strong>,</strong></span> 
     </span>
    </p>
   </div>
   <div class='ocr_carea' id='block_1_4' title="bbox 74 2190 1612 3798">
    <p class='ocr_par' dir='ltr' id='par_1_5' title="bbox 74 2190 1612 3798">
     <span class='ocr_line' id='line_1_18' title="bbox 74 2190 1534 2282; baseline 0 -24"><span class='ocrx_word' id='word_1_213' title='bbox 74 2195 253 2276; x_wconf 84' lang='lat' dir='ltr'><strong>doctrinam,</strong></span> <span class='ocrx_word' id='word_1_214' title='bbox 277 2192 526 2273; x_wconf 87' lang='lat' dir='ltr'><strong>institutionem,</strong></span> <span class='ocrx_word' id='word_1_215' title='bbox 549 2190 764 2278; x_wconf 90' lang='lat' dir='ltr'><strong>propositum,</strong></span> <span class='ocrx_word' id='word_1_216' title='bbox 788 2190 898 2271; x_wconf 90' lang='lat' dir='ltr'><strong>fidem;</strong></span> <span class='ocrx_word' id='word_1_217' title='bbox 929 2191 949 2254; x_wconf 89' lang='lat' dir='ltr'><strong>i.</strong></span> <span class='ocrx_word' id='word_1_218' title='bbox 967 2213 996 2258; x_wconf 76' lang='lat' dir='ltr'><strong>e.</strong></span> <span class='ocrx_word' id='word_1_219' title='bbox 1018 2191 1059 2256; x_wconf 86' lang='lat' dir='ltr'><strong>ad</strong></span> <span class='ocrx_word' id='word_1_220' title='bbox 1082 2191 1270 2258; x_wconf 87' lang='lat' dir='ltr'><strong>sumendum</strong></span> <span class='ocrx_word' id='word_1_221' title='bbox 1293 2197 1474 2282; x_wconf 80' lang='lat' dir='ltr'><strong>exemplum</strong></span> <span class='ocrx_word' id='word_1_222' title='bbox 1494 2203 1534 2267; x_wconf 77' lang='lat' dir='ltr'><strong>de</strong></span> 
     </span>
     <span class='ocr_line' id='line_1_19' title="bbox 77 2290 1534 2379; baseline 0.002 -17"><span class='ocrx_word' id='word_1_223' title='bbox 77 2295 131 2362; x_wconf 91' lang='lat' dir='ltr'><strong>hoc</strong></span> <span class='ocrx_word' id='word_1_224' title='bbox 152 2297 232 2362; x_wconf 85' lang='lat' dir='ltr'><strong>infra</strong></span> <span class='ocrx_word' id='word_1_225' title='bbox 254 2295 365 2378; x_wconf 89' lang='lat' dir='ltr'><strong>omne)</strong></span> <span class='ocrx_word' id='word_1_226' title='bbox 382 2293 440 2356; x_wconf 80' lang='grc'><strong>301.</strong></span> <span class='ocrx_word' id='word_1_227' title='bbox 471 2290 662 2378; x_wconf 89' lang='lat' dir='ltr'><strong>Plerumque</strong></span> <span class='ocrx_word' id='word_1_228' title='bbox 684 2304 789 2357; x_wconf 81' lang='lat' dir='ltr'><strong>temen</strong></span> <span class='ocrx_word' id='word_1_229' title='bbox 811 2291 955 2358; x_wconf 80' lang='lat' dir='ltr'><strong>adverbii</strong></span> <span class='ocrx_word' id='word_1_230' title='bbox 971 2293 1042 2357; x_wconf 87' lang='lat' dir='ltr'><strong>vice</strong></span> <span class='ocrx_word' id='word_1_231' title='bbox 1057 2293 1198 2378; x_wconf 87' lang='lat' dir='ltr'><strong>fungitur</strong></span> <span class='ocrx_word' id='word_1_232' title='bbox 1213 2293 1399 2379; x_wconf 79' lang='lat' dir='ltr'><strong>significans</strong></span> <span class='ocrx_word' id='word_1_233' title='bbox 1413 2300 1534 2370; x_wconf 83' lang='lat' dir='ltr'><strong>locum:</strong></span> 
     </span>
     <span class='ocr_line' id='line_1_20' title="bbox 79 2393 1533 2488; baseline 0.003 -29"><span class='ocrx_word' id='word_1_234' title='bbox 79 2399 256 2461; x_wconf 72' lang='lat' dir='ltr'><strong>r&#39;arrrar&#39;eboid</strong></span> <span class='ocrx_word' id='word_1_235' title='bbox 276 2399 359 2462; x_wconf 79' lang='lat' dir='ltr'><strong>rond</strong></span> <span class='ocrx_word' id='word_1_236' title='bbox 380 2409 430 2460; x_wconf 77' lang='lat' dir='ltr'><strong>tra</strong></span> <span class='ocrx_word' id='word_1_237' title='bbox 453 2393 520 2477; x_wconf 87' lang='lat' dir='ltr'><strong>(est</strong></span> <span class='ocrx_word' id='word_1_238' title='bbox 541 2393 707 2458; x_wconf 86' lang='lat' dir='ltr'><strong>affirmatio</strong></span> <span class='ocrx_word' id='word_1_239' title='bbox 729 2393 782 2458; x_wconf 91' lang='lat' dir='ltr'><strong>hic</strong></span> <span class='ocrx_word' id='word_1_240' title='bbox 805 2393 896 2479; x_wconf 85' lang='lat' dir='ltr'><strong>ergo)</strong></span> <span class='ocrx_word' id='word_1_241' title='bbox 919 2393 993 2460; x_wconf 89' lang='lat' dir='ltr'><strong>Wb.</strong></span> <span class='ocrx_word' id='word_1_242' title='bbox 1011 2397 1048 2460; x_wconf 87' lang='grc'><strong>31.</strong></span> <span class='ocrx_word' id='word_1_243' title='bbox 1082 2405 1175 2458; x_wconf 81' lang='lat' dir='ltr'><strong>coteet</strong></span> <span class='ocrx_word' id='word_1_244' title='bbox 1195 2396 1317 2460; x_wconf 66' lang='lat' dir='ltr'><strong>diuitiae</strong></span> <span class='ocrx_word' id='word_1_245' title='bbox 1337 2401 1420 2463; x_wconf 79' lang='lat' dir='ltr'><strong>eund</strong></span> <span class='ocrx_word' id='word_1_246' title='bbox 1440 2400 1533 2488; x_wconf 83' lang='lat' dir='ltr'><strong>(quid</strong></span> 
     </span>
     <span class='ocr_line' id='line_1_21' title="bbox 77 2494 1534 2589; baseline 0.003 -27"><span class='ocrx_word' id='word_1_247' title='bbox 77 2509 143 2562; x_wconf 87' lang='lat' dir='ltr'><strong>sont</strong></span> <span class='ocrx_word' id='word_1_248' title='bbox 162 2499 290 2565; x_wconf 85' lang='lat' dir='ltr'><strong>divitiae</strong></span> <span class='ocrx_word' id='word_1_249' title='bbox 313 2498 386 2563; x_wconf 82' lang='lat' dir='ltr'><strong>hic?</strong></span> <span class='ocrx_word' id='word_1_250' title='bbox 407 2498 468 2562; x_wconf 91' lang='lat' dir='ltr'><strong>hoc</strong></span> <span class='ocrx_word' id='word_1_251' title='bbox 490 2495 561 2561; x_wconf 91' lang='lat' dir='ltr'><strong>loco</strong></span> <span class='ocrx_word' id='word_1_252' title='bbox 577 2494 666 2581; x_wconf 88' lang='lat' dir='ltr'><strong>libri)</strong></span> <span class='ocrx_word' id='word_1_253' title='bbox 690 2497 726 2559; x_wconf 67' lang='lat'><strong>5⁸.</strong></span> <span class='ocrx_word' id='word_1_254' title='bbox 753 2494 937 2558; x_wconf 81' lang='lat' dir='ltr'><strong>doadbadar</strong></span> <span class='ocrx_word' id='word_1_255' title='bbox 962 2497 1044 2558; x_wconf 80' lang='lat' dir='ltr'><strong>eund</strong></span> <span class='ocrx_word' id='word_1_256' title='bbox 1065 2507 1115 2558; x_wconf 77' lang='lat' dir='ltr'><strong>tra</strong></span> <span class='ocrx_word' id='word_1_257' title='bbox 1138 2517 1232 2562; x_wconf 79' lang='lat' dir='ltr'><strong>causa</strong></span> <span class='ocrx_word' id='word_1_258' title='bbox 1250 2517 1311 2582; x_wconf 79' lang='lat' dir='ltr'><strong>pro</strong></span> <span class='ocrx_word' id='word_1_259' title='bbox 1332 2517 1397 2580; x_wconf 84' lang='lat' dir='ltr'><strong>quo</strong></span> <span class='ocrx_word' id='word_1_260' title='bbox 1416 2507 1534 2589; x_wconf 78' lang='lat' dir='ltr'><strong>scripto</strong></span> 
     </span>
     <span class='ocr_line' id='line_1_22' title="bbox 77 2595 1534 2691; baseline 0.006 -29"><span class='ocrx_word' id='word_1_261' title='bbox 77 2613 112 2662; x_wconf 72' lang='lat' dir='ltr'><strong>ert</strong></span> <span class='ocrx_word' id='word_1_262' title='bbox 132 2601 268 2686; x_wconf 72' lang='lat' dir='ltr'><strong>&lt;epistola</strong></span> <span class='ocrx_word' id='word_1_263' title='bbox 290 2599 349 2684; x_wconf 85' lang='lat' dir='ltr'><strong>(gl.</strong></span> <span class='ocrx_word' id='word_1_264' title='bbox 366 2595 580 2686; x_wconf 80' lang='lat' dir='ltr'><strong>significatum</strong></span> <span class='ocrx_word' id='word_1_265' title='bbox 603 2608 652 2662; x_wconf 87' lang='lat' dir='ltr'><strong>est</strong></span> <span class='ocrx_word' id='word_1_266' title='bbox 667 2599 753 2679; x_wconf 92' lang='lat' dir='ltr'><strong>mihi,</strong></span> <span class='ocrx_word' id='word_1_267' title='bbox 779 2603 805 2662; x_wconf 93' lang='lat' dir='ltr'><strong>l.</strong></span> <span class='ocrx_word' id='word_1_268' title='bbox 823 2597 896 2664; x_wconf 79' lang='lat' dir='ltr'><strong>Gor.</strong></span> <span class='ocrx_word' id='word_1_269' title='bbox 917 2599 943 2676; x_wconf 87' lang='lat' dir='ltr'><strong>l,</strong></span> <span class='ocrx_word' id='word_1_270' title='bbox 963 2599 1016 2678; x_wconf 76' lang='lat'><strong>113</strong></span> <span class='ocrx_word' id='word_1_271' title='bbox 1039 2597 1060 2662; x_wconf 89' lang='lat' dir='ltr'><strong>i.</strong></span> <span class='ocrx_word' id='word_1_272' title='bbox 1077 2619 1105 2660; x_wconf 88' lang='lat' dir='ltr'><strong>e.</strong></span> <span class='ocrx_word' id='word_1_273' title='bbox 1129 2597 1362 2668; x_wconf 80' lang='lat' dir='ltr'><strong>demonstratur</strong></span> <span class='ocrx_word' id='word_1_274' title='bbox 1383 2602 1436 2668; x_wconf 92' lang='lat' dir='ltr'><strong>hio</strong></span> <span class='ocrx_word' id='word_1_275' title='bbox 1459 2628 1534 2691; x_wconf 83' lang='lat' dir='ltr'><strong>ergo</strong></span> 
     </span>
     <span class='ocr_line' id='line_1_23' title="bbox 79 2695 1536 2789; baseline 0.005 -23"><span class='ocrx_word' id='word_1_276' title='bbox 79 2723 166 2768; x_wconf 86' lang='lat' dir='ltr'><strong>causa</strong></span> <span class='ocrx_word' id='word_1_277' title='bbox 186 2699 261 2784; x_wconf 90' lang='lat' dir='ltr'><strong>etc.)</strong></span> <span class='ocrx_word' id='word_1_278' title='bbox 278 2703 316 2763; x_wconf 85' lang='grc'><strong>71.</strong></span> <span class='ocrx_word' id='word_1_279' title='bbox 343 2700 451 2764; x_wconf 78' lang='lat' dir='ltr'><strong>tedbat</strong></span> <span class='ocrx_word' id='word_1_280' title='bbox 464 2722 529 2764; x_wconf 76' lang='lat' dir='ltr'><strong>eom</strong></span> <span class='ocrx_word' id='word_1_281' title='bbox 550 2701 631 2763; x_wconf 69' lang='lat' dir='ltr'><strong>arod</strong></span> <span class='ocrx_word' id='word_1_282' title='bbox 651 2713 702 2763; x_wconf 73' lang='lat' dir='ltr'><strong>tra</strong></span> <span class='ocrx_word' id='word_1_283' title='bbox 718 2699 832 2762; x_wconf 80' lang='lat' dir='ltr'><strong>dechor</strong></span> <span class='ocrx_word' id='word_1_284' title='bbox 845 2699 887 2778; x_wconf 86' lang='lat' dir='ltr'><strong>stl</strong></span> <span class='ocrx_word' id='word_1_285' title='bbox 908 2708 969 2760; x_wconf 81' lang='lat' dir='ltr'><strong>oter</strong></span> <span class='ocrx_word' id='word_1_286' title='bbox 984 2695 1147 2784; x_wconf 69' lang='lat' dir='ltr'><strong>[annotans</strong></span> <span class='ocrx_word' id='word_1_287' title='bbox 1168 2710 1195 2762; x_wconf 82' lang='lat' dir='ltr'><strong>et</strong></span> <span class='ocrx_word' id='word_1_288' title='bbox 1210 2699 1262 2785; x_wconf 66' lang='grc' dir='ltr'><strong>ἀφ’</strong></span> <span class='ocrx_word' id='word_1_289' title='bbox 1281 2700 1341 2786; x_wconf 81' lang='lat' dir='ltr'><strong>(gl.</strong></span> <span class='ocrx_word' id='word_1_290' title='bbox 1358 2705 1412 2789; x_wconf 92' lang='lat' dir='ltr'><strong>qni</strong></span> <span class='ocrx_word' id='word_1_291' title='bbox 1427 2707 1536 2772; x_wconf 83' lang='lat' dir='ltr'><strong>matri·</strong></span> 
     </span>
     <span class='ocr_line' id='line_1_24' title="bbox 78 2795 1536 2889; baseline 0.003 -21"><span class='ocrx_word' id='word_1_292' title='bbox 78 2805 173 2868; x_wconf 89' lang='lat' dir='ltr'><strong>monio</strong></span> <span class='ocrx_word' id='word_1_293' title='bbox 188 2797 292 2889; x_wconf 83' lang='lat' dir='ltr'><strong>iungit</strong></span> <span class='ocrx_word' id='word_1_294' title='bbox 307 2801 388 2868; x_wconf 89' lang='lat' dir='ltr'><strong>bene</strong></span> <span class='ocrx_word' id='word_1_295' title='bbox 403 2801 489 2883; x_wconf 82' lang='lat' dir='ltr'><strong>facit,</strong></span> <span class='ocrx_word' id='word_1_296' title='bbox 514 2801 615 2888; x_wconf 86' lang='lat' dir='ltr'><strong>etqui</strong></span> <span class='ocrx_word' id='word_1_297' title='bbox 629 2823 694 2866; x_wconf 89' lang='lat' dir='ltr'><strong>non</strong></span> <span class='ocrx_word' id='word_1_298' title='bbox 709 2799 813 2885; x_wconf 81' lang='lat' dir='ltr'><strong>iungit</strong></span> <span class='ocrx_word' id='word_1_299' title='bbox 826 2799 941 2864; x_wconf 89' lang='lat' dir='ltr'><strong>melius</strong></span> <span class='ocrx_word' id='word_1_300' title='bbox 956 2795 1042 2876; x_wconf 71' lang='lat' dir='ltr'><strong>facit,</strong></span> <span class='ocrx_word' id='word_1_301' title='bbox 1062 2804 1088 2864; x_wconf 90' lang='lat'><strong>1.</strong></span> <span class='ocrx_word' id='word_1_302' title='bbox 1105 2797 1180 2864; x_wconf 82' lang='lat' dir='ltr'><strong>Cor.</strong></span> <span class='ocrx_word' id='word_1_303' title='bbox 1197 2801 1227 2882; x_wconf 80' lang='lat'><strong>7,</strong></span> <span class='ocrx_word' id='word_1_304' title='bbox 1243 2802 1300 2884; x_wconf 84' lang='lat'><strong>383</strong></span> <span class='ocrx_word' id='word_1_305' title='bbox 1322 2804 1343 2868; x_wconf 90' lang='lat' dir='ltr'><strong>i.</strong></span> <span class='ocrx_word' id='word_1_306' title='bbox 1361 2827 1388 2870; x_wconf 88' lang='lat' dir='ltr'><strong>e.</strong></span> <span class='ocrx_word' id='word_1_307' title='bbox 1407 2801 1536 2874; x_wconf 84' lang='lat' dir='ltr'><strong>deinon·</strong></span> 
     </span>
     <span class='ocr_line' id='line_1_25' title="bbox 78 2901 1538 2995; baseline 0.003 -26"><span class='ocrx_word' id='word_1_308' title='bbox 78 2905 198 2987; x_wconf 79' lang='lat' dir='ltr'><strong>stratis,</strong></span> <span class='ocrx_word' id='word_1_309' title='bbox 214 2904 347 2986; x_wconf 88' lang='lat' dir='ltr'><strong>Paulus,</strong></span> <span class='ocrx_word' id='word_1_310' title='bbox 363 2903 425 2968; x_wconf 91' lang='lat' dir='ltr'><strong>hoc</strong></span> <span class='ocrx_word' id='word_1_311' title='bbox 441 2904 513 2969; x_wconf 89' lang='lat' dir='ltr'><strong>looo</strong></span> <span class='ocrx_word' id='word_1_312' title='bbox 530 2925 604 2988; x_wconf 88' lang='lat' dir='ltr'><strong>ergo</strong></span> <span class='ocrx_word' id='word_1_313' title='bbox 621 2903 830 2968; x_wconf 83' lang='lat' dir='ltr'><strong>differentiam</strong></span> <span class='ocrx_word' id='word_1_314' title='bbox 845 2926 928 2989; x_wconf 84' lang='lat' dir='ltr'><strong>quae</strong></span> <span class='ocrx_word' id='word_1_315' title='bbox 944 2913 994 2968; x_wconf 90' lang='lat' dir='ltr'><strong>est</strong></span> <span class='ocrx_word' id='word_1_316' title='bbox 1007 2904 1092 2970; x_wconf 89' lang='lat' dir='ltr'><strong>inter</strong></span> <span class='ocrx_word' id='word_1_317' title='bbox 1107 2901 1340 2978; x_wconf 74' lang='lat' dir='ltr'><strong>matrimonium</strong></span> <span class='ocrx_word' id='word_1_318' title='bbox 1359 2915 1391 2972; x_wconf 85' lang='lat' dir='ltr'><strong>ct</strong></span> <span class='ocrx_word' id='word_1_319' title='bbox 1404 2907 1538 2995; x_wconf 81' lang='lat' dir='ltr'><strong>virgini-</strong></span> 
     </span>
     <span class='ocr_line' id='line_1_26' title="bbox 78 3005 1538 3092; baseline 0.003 -21"><span class='ocrx_word' id='word_1_320' title='bbox 78 3009 178 3091; x_wconf 83' lang='lat' dir='ltr'><strong>tatem)</strong></span> <span class='ocrx_word' id='word_1_321' title='bbox 198 3009 252 3074; x_wconf 66' lang='lat'><strong>10³.</strong></span> <span class='ocrx_word' id='word_1_322' title='bbox 281 3007 356 3070; x_wconf 82' lang='lat' dir='ltr'><strong>each</strong></span> <span class='ocrx_word' id='word_1_323' title='bbox 371 3007 420 3070; x_wconf 80' lang='lat' dir='ltr'><strong>leci</strong></span> <span class='ocrx_word' id='word_1_324' title='bbox 441 3005 568 3070; x_wconf 78' lang='lat' dir='ltr'><strong>clochor&#39;cl</strong></span> <span class='ocrx_word' id='word_1_325' title='bbox 591 3027 654 3068; x_wconf 80' lang='lat' dir='ltr'><strong>som</strong></span> <span class='ocrx_word' id='word_1_326' title='bbox 668 3007 750 3070; x_wconf 77' lang='lat' dir='ltr'><strong>eund</strong></span> <span class='ocrx_word' id='word_1_327' title='bbox 770 3006 976 3092; x_wconf 88' lang='lat' dir='ltr'><strong>(quocunqne</strong></span> <span class='ocrx_word' id='word_1_328' title='bbox 995 3007 1085 3072; x_wconf 86' lang='lat' dir='ltr'><strong>venit</strong></span> <span class='ocrx_word' id='word_1_329' title='bbox 1097 3005 1153 3072; x_wconf 91' lang='lat' dir='ltr'><strong>ille</strong></span> <span class='ocrx_word' id='word_1_330' title='bbox 1172 3005 1241 3092; x_wconf 88' lang='lat' dir='ltr'><strong>hio)</strong></span> <span class='ocrx_word' id='word_1_331' title='bbox 1266 3008 1321 3078; x_wconf 67' lang='lat'><strong>14‘.</strong></span> <span class='ocrx_word' id='word_1_332' title='bbox 1352 3009 1538 3074; x_wconf 75' lang='lat' dir='ltr'><strong>doadhador</strong></span> 
     </span>
     <span class='ocr_line' id='line_1_27' title="bbox 76 3105 1539 3196; baseline 0.005 -26"><span class='ocrx_word' id='word_1_333' title='bbox 76 3121 139 3172; x_wconf 72' lang='lat' dir='ltr'><strong>sont</strong></span> <span class='ocrx_word' id='word_1_334' title='bbox 152 3108 263 3172; x_wconf 63' lang='lat' dir='ltr'><strong>attolli</strong></span> <span class='ocrx_word' id='word_1_335' title='bbox 276 3107 361 3171; x_wconf 66' lang='lat' dir='ltr'><strong>duna</strong></span> <span class='ocrx_word' id='word_1_336' title='bbox 375 3106 505 3189; x_wconf 73' lang='lat' dir='ltr'><strong>inspirto</strong></span> <span class='ocrx_word' id='word_1_337' title='bbox 528 3117 556 3168; x_wconf 81' lang='lat' dir='ltr'><strong>et</strong></span> <span class='ocrx_word' id='word_1_338' title='bbox 569 3106 727 3170; x_wconf 63' lang='lat' dir='ltr'><strong>mundo</strong></span> <span class='ocrx_word' id='word_1_339' title='bbox 742 3107 879 3192; x_wconf 71' lang='lat' dir='ltr'><strong>inspirat</strong></span> <span class='ocrx_word' id='word_1_340' title='bbox 893 3106 951 3191; x_wconf 85' lang='lat' dir='ltr'><strong>(gl.</strong></span> <span class='ocrx_word' id='word_1_341' title='bbox 967 3105 1048 3172; x_wconf 84' lang='lat' dir='ltr'><strong>haec</strong></span> <span class='ocrx_word' id='word_1_342' title='bbox 1063 3107 1169 3174; x_wconf 87' lang='lat' dir='ltr'><strong>omnia</strong></span> <span class='ocrx_word' id='word_1_343' title='bbox 1183 3117 1331 3194; x_wconf 86' lang='lat' dir='ltr'><strong>operatur</strong></span> <span class='ocrx_word' id='word_1_344' title='bbox 1345 3131 1428 3178; x_wconf 83' lang='lat' dir='ltr'><strong>unus</strong></span> <span class='ocrx_word' id='word_1_345' title='bbox 1443 3119 1539 3196; x_wconf 77' lang='lat' dir='ltr'><strong>atque</strong></span> 
     </span>
     <span class='ocr_line' id='line_1_28' title="bbox 77 3199 1612 3296; baseline 0.003 -24"><span class='ocrx_word' id='word_1_346' title='bbox 77 3210 152 3274; x_wconf 88' lang='lat' dir='ltr'><strong>idern</strong></span> <span class='ocrx_word' id='word_1_347' title='bbox 174 3208 305 3296; x_wconf 86' lang='lat' dir='ltr'><strong>spiritus</strong></span> <span class='ocrx_word' id='word_1_348' title='bbox 329 3207 477 3272; x_wconf 87' lang='lat' dir='ltr'><strong>dividens</strong></span> <span class='ocrx_word' id='word_1_349' title='bbox 500 3205 635 3291; x_wconf 86' lang='lat' dir='ltr'><strong>singulis</strong></span> <span class='ocrx_word' id='word_1_350' title='bbox 657 3215 752 3293; x_wconf 87' lang='lat' dir='ltr'><strong>prout</strong></span> <span class='ocrx_word' id='word_1_351' title='bbox 765 3207 841 3287; x_wconf 86' lang='lat' dir='ltr'><strong>vult,</strong></span> <span class='ocrx_word' id='word_1_352' title='bbox 867 3211 893 3270; x_wconf 92' lang='lat'><strong>1.</strong></span> <span class='ocrx_word' id='word_1_353' title='bbox 911 3207 984 3274; x_wconf 87' lang='lat' dir='ltr'><strong>Cor.</strong></span> <span class='ocrx_word' id='word_1_354' title='bbox 1004 3209 1123 3290; x_wconf 84' lang='grc'><strong>12,11;</strong></span> <span class='ocrx_word' id='word_1_355' title='bbox 1145 3207 1165 3272; x_wconf 87' lang='grc'><strong>1.</strong></span> <span class='ocrx_word' id='word_1_356' title='bbox 1183 3231 1211 3274; x_wconf 81' lang='lat' dir='ltr'><strong>e.</strong></span> <span class='ocrx_word' id='word_1_357' title='bbox 1228 3209 1461 3276; x_wconf 81' lang='lat' dir='ltr'><strong>demonstratur</strong></span> <span class='ocrx_word' id='word_1_358' title='bbox 1474 3211 1537 3280; x_wconf 90' lang='lat' dir='ltr'><strong>hoo</strong></span> <span class='ocrx_word' id='word_1_359' title='bbox 1605 3199 1612 3218; x_wconf 81' lang='lat'>&#39;</span> 
     </span>
     <span class='ocr_line' id='line_1_29' title="bbox 77 3307 1538 3394; baseline 0.004 -22"><span class='ocrx_word' id='word_1_360' title='bbox 77 3309 140 3375; x_wconf 89' lang='lat' dir='ltr'><strong>loeo</strong></span> <span class='ocrx_word' id='word_1_361' title='bbox 163 3333 232 3376; x_wconf 87' lang='lat' dir='ltr'><strong>esse</strong></span> <span class='ocrx_word' id='word_1_362' title='bbox 254 3309 356 3374; x_wconf 84' lang='lat' dir='ltr'><strong>multa</strong></span> <span class='ocrx_word' id='word_1_363' title='bbox 378 3307 462 3371; x_wconf 81' lang='lat' dir='ltr'><strong>dona</strong></span> <span class='ocrx_word' id='word_1_364' title='bbox 484 3317 516 3372; x_wconf 90' lang='lat' dir='ltr'><strong>et</strong></span> <span class='ocrx_word' id='word_1_365' title='bbox 538 3328 610 3372; x_wconf 85' lang='lat' dir='ltr'><strong>esse</strong></span> <span class='ocrx_word' id='word_1_366' title='bbox 633 3307 763 3372; x_wconf 89' lang='lat' dir='ltr'><strong>unicum</strong></span> <span class='ocrx_word' id='word_1_367' title='bbox 786 3308 948 3394; x_wconf 83' lang='lat' dir='ltr'><strong>spiritum)</strong></span> <span class='ocrx_word' id='word_1_368' title='bbox 968 3311 1028 3374; x_wconf 84' lang='grc'><strong>12·.</strong></span> <span class='ocrx_word' id='word_1_369' title='bbox 1055 3311 1093 3374; x_wconf 84' lang='lat' dir='ltr'><strong>do</strong></span> <span class='ocrx_word' id='word_1_370' title='bbox 1115 3308 1260 3374; x_wconf 82' lang='lat' dir='ltr'><strong>odbadar</strong></span> <span class='ocrx_word' id='word_1_371' title='bbox 1281 3323 1316 3376; x_wconf 84' lang='lat' dir='ltr'><strong>st.</strong></span> <span class='ocrx_word' id='word_1_372' title='bbox 1329 3312 1438 3394; x_wconf 71' lang='lat' dir='ltr'><strong>jierbr&#39;l</strong></span> <span class='ocrx_word' id='word_1_373' title='bbox 1456 3335 1538 3378; x_wconf 79' lang='lat' dir='ltr'><strong>serre</strong></span> 
     </span>
     <span class='ocr_line' id='line_1_30' title="bbox 78 3407 1537 3496; baseline 0.003 -22"><span class='ocrx_word' id='word_1_374' title='bbox 78 3411 173 3496; x_wconf 77' lang='lat' dir='ltr'><strong>topool</strong></span> <span class='ocrx_word' id='word_1_375' title='bbox 193 3411 330 3476; x_wconf 77' lang='lat' dir='ltr'><strong>dorbsom</strong></span> <span class='ocrx_word' id='word_1_376' title='bbox 352 3407 519 3495; x_wconf 86' lang='lat' dir='ltr'><strong>(probatur</strong></span> <span class='ocrx_word' id='word_1_377' title='bbox 540 3408 593 3472; x_wconf 93' lang='lat' dir='ltr'><strong>hio</strong></span> <span class='ocrx_word' id='word_1_378' title='bbox 608 3409 804 3474; x_wconf 86' lang='lat' dir='ltr'><strong>abundantia</strong></span> <span class='ocrx_word' id='word_1_379' title='bbox 818 3408 936 3476; x_wconf 84' lang='lat' dir='ltr'><strong>amoris</strong></span> <span class='ocrx_word' id='word_1_380' title='bbox 959 3433 979 3474; x_wconf 85' lang='lat' dir='ltr'><strong>a</strong></span> <span class='ocrx_word' id='word_1_381' title='bbox 992 3409 1093 3478; x_wconf 88' lang='lat' dir='ltr'><strong>Paulo</strong></span> <span class='ocrx_word' id='word_1_382' title='bbox 1115 3410 1239 3494; x_wconf 89' lang='lat' dir='ltr'><strong>ineos)</strong></span> <span class='ocrx_word' id='word_1_383' title='bbox 1257 3414 1317 3484; x_wconf 77' lang='grc'><strong>141.</strong></span> <span class='ocrx_word' id='word_1_384' title='bbox 1351 3414 1388 3476; x_wconf 81' lang='lat' dir='ltr'><strong>oi</strong></span> <span class='ocrx_word' id='word_1_385' title='bbox 1409 3419 1537 3478; x_wconf 62' lang='lat' dir='ltr'><strong>tuorna</strong></span> 
     </span>
     <span class='ocr_line' id='line_1_31' title="bbox 78 3507 1536 3599; baseline 0.003 -27"><span class='ocrx_word' id='word_1_386' title='bbox 78 3523 108 3574; x_wconf 78' lang='lat' dir='ltr'><strong>st.</strong></span> <span class='ocrx_word' id='word_1_387' title='bbox 129 3523 175 3576; x_wconf 76' lang='lat' dir='ltr'><strong>tra</strong></span> <span class='ocrx_word' id='word_1_388' title='bbox 197 3515 282 3576; x_wconf 79' lang='lat' dir='ltr'><strong>aiom</strong></span> <span class='ocrx_word' id='word_1_389' title='bbox 305 3509 419 3573; x_wconf 69' lang='lat' dir='ltr'><strong>raherii</strong></span> <span class='ocrx_word' id='word_1_390' title='bbox 440 3508 498 3594; x_wconf 84' lang='lat' dir='ltr'><strong>(gl.</strong></span> <span class='ocrx_word' id='word_1_391' title='bbox 521 3507 642 3574; x_wconf 85' lang='lat' dir='ltr'><strong>Paulus</strong></span> <span class='ocrx_word' id='word_1_392' title='bbox 666 3519 698 3573; x_wconf 90' lang='lat' dir='ltr'><strong>et</strong></span> <span class='ocrx_word' id='word_1_393' title='bbox 719 3508 907 3576; x_wconf 86' lang='lat' dir='ltr'><strong>Timotheus</strong></span> <span class='ocrx_word' id='word_1_394' title='bbox 931 3511 1014 3575; x_wconf 84' lang='lat' dir='ltr'><strong>servi</strong></span> <span class='ocrx_word' id='word_1_395' title='bbox 1039 3510 1160 3578; x_wconf 79' lang='lat' dir='ltr'><strong>Christi</strong></span> <span class='ocrx_word' id='word_1_396' title='bbox 1183 3510 1269 3593; x_wconf 87' lang='lat' dir='ltr'><strong>Iesu,</strong></span> <span class='ocrx_word' id='word_1_397' title='bbox 1291 3511 1432 3599; x_wconf 85' lang='lat' dir='ltr'><strong>Philipp.</strong></span> <span class='ocrx_word' id='word_1_398' title='bbox 1456 3517 1536 3594; x_wconf 84' lang='lat'><strong>1,1;</strong></span> 
     </span>
     <span class='ocr_line' id='line_1_32' title="bbox 79 3609 1540 3698; baseline 0.003 -25"><span class='ocrx_word' id='word_1_399' title='bbox 79 3610 96 3673; x_wconf 91' lang='lat' dir='ltr'><strong>i.</strong></span> <span class='ocrx_word' id='word_1_400' title='bbox 111 3633 136 3675; x_wconf 90' lang='lat' dir='ltr'><strong>e.</strong></span> <span class='ocrx_word' id='word_1_401' title='bbox 157 3635 218 3678; x_wconf 88' lang='lat' dir='ltr'><strong>non</strong></span> <span class='ocrx_word' id='word_1_402' title='bbox 240 3610 333 3698; x_wconf 88' lang='lat' dir='ltr'><strong>ponit</strong></span> <span class='ocrx_word' id='word_1_403' title='bbox 354 3609 408 3674; x_wconf 88' lang='lat' dir='ltr'><strong>hic</strong></span> <span class='ocrx_word' id='word_1_404' title='bbox 430 3631 506 3693; x_wconf 82' lang='lat' dir='ltr'><strong>ergo</strong></span> <span class='ocrx_word' id='word_1_405' title='bbox 528 3631 644 3674; x_wconf 87' lang='lat' dir='ltr'><strong>nomeu</strong></span> <span class='ocrx_word' id='word_1_406' title='bbox 666 3610 819 3698; x_wconf 88' lang='lat' dir='ltr'><strong>apostoli)</strong></span> <span class='ocrx_word' id='word_1_407' title='bbox 835 3613 896 3677; x_wconf 80' lang='grc'><strong>231.</strong></span> <span class='ocrx_word' id='word_1_408' title='bbox 939 3612 1025 3678; x_wconf 88' lang='lat' dir='ltr'><strong>Mira</strong></span> <span class='ocrx_word' id='word_1_409' title='bbox 1048 3611 1222 3698; x_wconf 80' lang='lat' dir='ltr'><strong>scriptione</strong></span> <span class='ocrx_word' id='word_1_410' title='bbox 1244 3614 1346 3678; x_wconf 78' lang='lat' dir='ltr'><strong>eundo</strong></span> <span class='ocrx_word' id='word_1_411' title='bbox 1359 3612 1419 3698; x_wconf 81' lang='lat'><strong>(?):</strong></span> <span class='ocrx_word' id='word_1_412' title='bbox 1442 3613 1540 3678; x_wconf 81' lang='lat' dir='ltr'><strong>araill</strong></span> 
     </span>
     <span class='ocr_line' id='line_1_33' title="bbox 81 3707 1220 3798; baseline 0.007 -26"><span class='ocrx_word' id='word_1_413' title='bbox 81 3721 108 3773; x_wconf 74' lang='grc' dir='ltr'><strong>,ι’</strong></span> <span class='ocrx_word' id='word_1_414' title='bbox 130 3712 303 3798; x_wconf 66' lang='grc' dir='ltr'><strong>οαὲιιῗρεᾱαν</strong></span> <span class='ocrx_word' id='word_1_415' title='bbox 325 3731 389 3774; x_wconf 82' lang='lat' dir='ltr'><strong>som</strong></span> <span class='ocrx_word' id='word_1_416' title='bbox 403 3709 505 3774; x_wconf 77' lang='lat' dir='ltr'><strong>sunda</strong></span> <span class='ocrx_word' id='word_1_417' title='bbox 527 3707 630 3794; x_wconf 78' lang='lat' dir='ltr'><strong>(alind</strong></span> <span class='ocrx_word' id='word_1_418' title='bbox 644 3707 740 3796; x_wconf 84' lang='lat' dir='ltr'><strong>igitur</strong></span> <span class='ocrx_word' id='word_1_419' title='bbox 755 3711 891 3798; x_wconf 82' lang='lat' dir='ltr'><strong>castigat</strong></span> <span class='ocrx_word' id='word_1_420' title='bbox 911 3711 967 3778; x_wconf 87' lang='lat' dir='ltr'><strong>ille</strong></span> <span class='ocrx_word' id='word_1_421' title='bbox 981 3711 1050 3797; x_wconf 90' lang='lat' dir='ltr'><strong>hic)</strong></span> <span class='ocrx_word' id='word_1_422' title='bbox 1066 3707 1142 3778; x_wconf 87' lang='lat' dir='ltr'><strong>Wb.</strong></span> <span class='ocrx_word' id='word_1_423' title='bbox 1159 3715 1220 3780; x_wconf 80' lang='grc'><strong>251.</strong></span> 
     </span>
    </p>
   </div>
   <div class='ocr_carea' id='block_1_5' title="bbox 52 3907 1545 4625">
    <p class='ocr_par' dir='ltr' id='par_1_6' title="bbox 477 3907 1127 4000">
     <span class='ocr_line' id='line_1_34' title="bbox 477 3907 1127 4000; baseline 0.006 -24"><span class='ocrx_word' id='word_1_424' title='bbox 477 3909 517 3976; x_wconf 88' lang='grc' dir='ltr'><strong>Ε.</strong></span> <span class='ocrx_word' id='word_1_425' title='bbox 553 3907 794 3978; x_wconf 81' lang='lat' dir='ltr'><strong>Pronomina</strong></span> <span class='ocrx_word' id='word_1_426' title='bbox 814 3913 1127 4000; x_wconf 76' lang='lat' dir='ltr'><strong>interrogativa.</strong></span> 
     </span>
    </p>

    <p class='ocr_par' dir='ltr' id='par_1_7' title="bbox 156 4029 1040 4116">
     <span class='ocr_line' id='line_1_35' title="bbox 156 4029 1040 4116; baseline -0.005 -18"><span class='ocrx_word' id='word_1_427' title='bbox 156 4030 363 4098; x_wconf 77' lang='lat' dir='ltr'><strong>Inveniuntur</strong></span> <span class='ocrx_word' id='word_1_428' title='bbox 383 4029 503 4095; x_wconf 76' lang='lat' dir='ltr'><strong>formae</strong></span> <span class='ocrx_word' id='word_1_429' title='bbox 526 4029 584 4112; x_wconf 79' lang='lat' dir='ltr'><strong>oia,</strong></span> <span class='ocrx_word' id='word_1_430' title='bbox 607 4051 647 4112; x_wconf 82' lang='lat' dir='ltr'><strong>re,</strong></span> <span class='ocrx_word' id='word_1_431' title='bbox 671 4031 708 4108; x_wconf 82' lang='lat' dir='ltr'><strong>ei,</strong></span> <span class='ocrx_word' id='word_1_432' title='bbox 729 4053 772 4112; x_wconf 81' lang='lat' dir='ltr'><strong>eo,</strong></span> <span class='ocrx_word' id='word_1_433' title='bbox 793 4054 842 4116; x_wconf 86' lang='lat' dir='ltr'><strong>oa,</strong></span> <span class='ocrx_word' id='word_1_434' title='bbox 863 4034 925 4113; x_wconf 73' lang='lat' dir='ltr'><strong>m&#39;d,</strong></span> <span class='ocrx_word' id='word_1_435' title='bbox 948 4033 1040 4098; x_wconf 79' lang='lat' dir='ltr'><strong>ooioh.</strong></span> 
     </span>
    </p>

    <p class='ocr_par' dir='ltr' id='par_1_8' title="bbox 52 4130 1545 4625">
     <span class='ocr_line' id='line_1_36' title="bbox 156 4130 1539 4219; baseline 0 -19"><span class='ocrx_word' id='word_1_436' title='bbox 156 4133 335 4202; x_wconf 88' lang='lat' dir='ltr'><strong>Pronomen</strong></span> <span class='ocrx_word' id='word_1_437' title='bbox 358 4131 548 4212; x_wconf 86' lang='lat' dir='ltr'><strong>absolutum,</strong></span> <span class='ocrx_word' id='word_1_438' title='bbox 572 4130 641 4195; x_wconf 87' lang='lat' dir='ltr'><strong>sive</strong></span> <span class='ocrx_word' id='word_1_439' title='bbox 663 4140 750 4197; x_wconf 89' lang='lat' dir='ltr'><strong>recta</strong></span> <span class='ocrx_word' id='word_1_440' title='bbox 772 4139 824 4196; x_wconf 88' lang='lat' dir='ltr'><strong>est</strong></span> <span class='ocrx_word' id='word_1_441' title='bbox 844 4133 1053 4218; x_wconf 82' lang='lat' dir='ltr'><strong>interrogatio</strong></span> <span class='ocrx_word' id='word_1_442' title='bbox 1076 4133 1145 4198; x_wconf 80' lang='lat' dir='ltr'><strong>sive</strong></span> <span class='ocrx_word' id='word_1_443' title='bbox 1168 4132 1313 4218; x_wconf 81' lang='lat' dir='ltr'><strong>oblique,</strong></span> <span class='ocrx_word' id='word_1_444' title='bbox 1339 4131 1436 4214; x_wconf 72' lang='lat' dir='ltr'><strong>(tlh,</strong></span> <span class='ocrx_word' id='word_1_445' title='bbox 1464 4133 1539 4219; x_wconf 79' lang='lat' dir='ltr'><strong>On,</strong></span> 
     </span>
     <span class='ocr_line' id='line_1_37' title="bbox 82 4231 1540 4321; baseline 0.004 -27"><span class='ocrx_word' id='word_1_446' title='bbox 82 4241 149 4298; x_wconf 80' lang='lat' dir='ltr'><strong>ante</strong></span> <span class='ocrx_word' id='word_1_447' title='bbox 168 4235 296 4300; x_wconf 75' lang='lat' dir='ltr'><strong>vocales</strong></span> <span class='ocrx_word' id='word_1_448' title='bbox 320 4231 376 4312; x_wconf 85' lang='lat' dir='ltr'><strong>CI,</strong></span> <span class='ocrx_word' id='word_1_449' title='bbox 398 4231 557 4296; x_wconf 87' lang='lat' dir='ltr'><strong>interdum</strong></span> <span class='ocrx_word' id='word_1_450' title='bbox 579 4231 681 4316; x_wconf 84' lang='lat' dir='ltr'><strong>magis</strong></span> <span class='ocrx_word' id='word_1_451' title='bbox 704 4241 910 4300; x_wconf 88' lang='lat' dir='ltr'><strong>contractum.</strong></span> <span class='ocrx_word' id='word_1_452' title='bbox 954 4233 1006 4300; x_wconf 89' lang='lat' dir='ltr'><strong>De</strong></span> <span class='ocrx_word' id='word_1_453' title='bbox 1027 4233 1192 4321; x_wconf 78' lang='lat' dir='ltr'><strong>personier</strong></span> <span class='ocrx_word' id='word_1_454' title='bbox 1216 4235 1265 4298; x_wconf 76' lang='lat' dir='ltr'><strong>oia</strong></span> <span class='ocrx_word' id='word_1_455' title='bbox 1287 4243 1371 4300; x_wconf 70' lang='lat' dir='ltr'><strong>turm</strong></span> <span class='ocrx_word' id='word_1_456' title='bbox 1392 4234 1481 4320; x_wconf 87' lang='lat' dir='ltr'><strong>(quis</strong></span> <span class='ocrx_word' id='word_1_457' title='bbox 1504 4257 1540 4300; x_wconf 90' lang='lat' dir='ltr'><strong>es</strong></span> 
     </span>
     <span class='ocr_line' id='line_1_38' title="bbox 52 4331 1545 4419; baseline 0.003 -24"><span class='ocrx_word' id='word_1_458' title='bbox 52 4385 55 4390; x_wconf 93' lang='lat'>.</span> <span class='ocrx_word' id='word_1_459' title='bbox 81 4334 146 4418; x_wconf 85' lang='lat' dir='ltr'><strong>tu?)</strong></span> <span class='ocrx_word' id='word_1_460' title='bbox 166 4335 236 4402; x_wconf 90' lang='lat' dir='ltr'><strong>Wb.</strong></span> <span class='ocrx_word' id='word_1_461' title='bbox 253 4336 294 4398; x_wconf 77' lang='lat'><strong>4‘.</strong></span> <span class='ocrx_word' id='word_1_462' title='bbox 320 4334 370 4397; x_wconf 81' lang='lat' dir='ltr'><strong>oia</strong></span> <span class='ocrx_word' id='word_1_463' title='bbox 391 4334 492 4398; x_wconf 80' lang='lat' dir='ltr'><strong>corrice</strong></span> <span class='ocrx_word' id='word_1_464' title='bbox 512 4335 548 4396; x_wconf 70' lang='grc' dir='ltr'><strong>πί</strong></span> <span class='ocrx_word' id='word_1_465' title='bbox 568 4332 655 4394; x_wconf 72' lang='lat' dir='ltr'><strong>douo</strong></span> <span class='ocrx_word' id='word_1_466' title='bbox 677 4331 734 4416; x_wconf 86' lang='lat' dir='ltr'><strong>(gl.</strong></span> <span class='ocrx_word' id='word_1_467' title='bbox 751 4334 823 4418; x_wconf 90' lang='lat' dir='ltr'><strong>quis</strong></span> <span class='ocrx_word' id='word_1_468' title='bbox 840 4343 951 4400; x_wconf 85' lang='lat' dir='ltr'><strong>contra</strong></span> <span class='ocrx_word' id='word_1_469' title='bbox 965 4357 1025 4402; x_wconf 92' lang='lat' dir='ltr'><strong>nos</strong></span> <span class='ocrx_word' id='word_1_470' title='bbox 1035 4335 1066 4419; x_wconf 76' lang='grc'><strong>1)</strong></span> <span class='ocrx_word' id='word_1_471' title='bbox 1081 4337 1118 4399; x_wconf 85' lang='grc'><strong>41.</strong></span> <span class='ocrx_word' id='word_1_472' title='bbox 1146 4335 1196 4398; x_wconf 82' lang='lat' dir='ltr'><strong>oia</strong></span> <span class='ocrx_word' id='word_1_473' title='bbox 1209 4333 1348 4417; x_wconf 64' lang='lat' dir='ltr'><strong>cooaefea</strong></span> <span class='ocrx_word' id='word_1_474' title='bbox 1370 4336 1482 4399; x_wconf 62' lang='lat' dir='ltr'><strong>tutone</strong></span> <span class='ocrx_word' id='word_1_475' title='bbox 1503 4338 1545 4400; x_wconf 67' lang='lat' dir='ltr'><strong>de</strong></span> 
     </span>
     <span class='ocr_line' id='line_1_39' title="bbox 83 4429 1541 4523; baseline 0.003 -26"><span class='ocrx_word' id='word_1_476' title='bbox 83 4433 162 4519; x_wconf 90' lang='lat' dir='ltr'><strong>(quis</strong></span> <span class='ocrx_word' id='word_1_477' title='bbox 181 4435 408 4515; x_wconf 77' lang='lat' dir='ltr'><strong>condemnabit</strong></span> <span class='ocrx_word' id='word_1_478' title='bbox 422 4433 541 4498; x_wconf 87' lang='lat' dir='ltr'><strong>electos</strong></span> <span class='ocrx_word' id='word_1_479' title='bbox 557 4429 645 4516; x_wconf 76' lang='lat' dir='ltr'><strong>deii)</strong></span> <span class='ocrx_word' id='word_1_480' title='bbox 659 4434 700 4498; x_wconf 84' lang='grc'><strong>41.</strong></span> <span class='ocrx_word' id='word_1_481' title='bbox 727 4436 777 4498; x_wconf 80' lang='lat' dir='ltr'><strong>oio</strong></span> <span class='ocrx_word' id='word_1_482' title='bbox 791 4435 931 4518; x_wconf 71' lang='lat' dir='ltr'><strong>solinseo</strong></span> <span class='ocrx_word' id='word_1_483' title='bbox 953 4436 1011 4520; x_wconf 88' lang='lat' dir='ltr'><strong>(gl.</strong></span> <span class='ocrx_word' id='word_1_484' title='bbox 1034 4437 1107 4523; x_wconf 89' lang='lat' dir='ltr'><strong>quis</strong></span> <span class='ocrx_word' id='word_1_485' title='bbox 1130 4433 1327 4520; x_wconf 85' lang='lat' dir='ltr'><strong>supplebit?)</strong></span> <span class='ocrx_word' id='word_1_486' title='bbox 1346 4435 1404 4498; x_wconf 80' lang='grc'><strong>121.</strong></span> <span class='ocrx_word' id='word_1_487' title='bbox 1429 4437 1541 4502; x_wconf 72' lang='lat' dir='ltr'><strong>ceduno</strong></span> 
     </span>
     <span class='ocr_line' id='line_1_40' title="bbox 82 4531 1543 4625; baseline 0.003 -27"><span class='ocrx_word' id='word_1_488' title='bbox 82 4534 166 4618; x_wconf 73' lang='lat' dir='ltr'><strong>ripae</strong></span> <span class='ocrx_word' id='word_1_489' title='bbox 185 4535 347 4625; x_wconf 87' lang='lat' dir='ltr'><strong>(quisquis</strong></span> <span class='ocrx_word' id='word_1_490' title='bbox 369 4535 467 4620; x_wconf 80' lang='lat' dir='ltr'><strong>igitur</strong></span> <span class='ocrx_word' id='word_1_491' title='bbox 488 4535 579 4618; x_wconf 84' lang='lat' dir='ltr'><strong>fecit)</strong></span> <span class='ocrx_word' id='word_1_492' title='bbox 601 4535 642 4600; x_wconf 86' lang='grc'><strong>81.</strong></span> <span class='ocrx_word' id='word_1_493' title='bbox 679 4531 760 4598; x_wconf 88' lang='lat' dir='ltr'><strong>Item</strong></span> <span class='ocrx_word' id='word_1_494' title='bbox 782 4536 955 4602; x_wconf 84' lang='lat' dir='ltr'><strong>derebus:</strong></span> <span class='ocrx_word' id='word_1_495' title='bbox 978 4538 1142 4622; x_wconf 77' lang='lat' dir='ltr'><strong>oepudoao,</strong></span> <span class='ocrx_word' id='word_1_496' title='bbox 1165 4537 1214 4600; x_wconf 83' lang='lat' dir='ltr'><strong>eia</strong></span> <span class='ocrx_word' id='word_1_497' title='bbox 1225 4535 1351 4620; x_wconf 71' lang='lat' dir='ltr'><strong>perdono</strong></span> <span class='ocrx_word' id='word_1_498' title='bbox 1374 4535 1468 4621; x_wconf 84' lang='lat' dir='ltr'><strong>(qnid</strong></span> <span class='ocrx_word' id='word_1_499' title='bbox 1482 4535 1543 4602; x_wconf 77' lang='lat' dir='ltr'><strong>luit</strong></span> 
     </span>
    </p>
   </div>
   <div class='ocr_carea' id='block_1_6' title="bbox 84 4627 1644 4722">
    <p class='ocr_par' dir='ltr' id='par_1_9' title="bbox 84 4627 1644 4722">
     <span class='ocr_line' id='line_1_41' title="bbox 84 4627 1644 4722; baseline -0.005 -15"><span class='ocrx_word' id='word_1_500' title='bbox 84 4635 184 4719; x_wconf 71' lang='lat' dir='ltr'><strong>ergol)</strong></span> <span class='ocrx_word' id='word_1_501' title='bbox 204 4637 278 4704; x_wconf 89' lang='lat' dir='ltr'><strong>Wb.</strong></span> <span class='ocrx_word' id='word_1_502' title='bbox 295 4640 329 4700; x_wconf 81' lang='grc'><strong>71.</strong></span> <span class='ocrx_word' id='word_1_503' title='bbox 353 4639 410 4701; x_wconf 77' lang='grc'><strong>191.</strong></span> <span class='ocrx_word' id='word_1_504' title='bbox 436 4637 603 4702; x_wconf 79' lang='lat' dir='ltr'><strong>oroiadono</strong></span> <span class='ocrx_word' id='word_1_505' title='bbox 625 4632 683 4718; x_wconf 79' lang='lat' dir='ltr'><strong>(gl.</strong></span> <span class='ocrx_word' id='word_1_506' title='bbox 706 4643 741 4698; x_wconf 91' lang='lat' dir='ltr'><strong>ut</strong></span> <span class='ocrx_word' id='word_1_507' title='bbox 762 4637 839 4722; x_wconf 88' lang='lat' dir='ltr'><strong>quid</strong></span> <span class='ocrx_word' id='word_1_508' title='bbox 847 4637 876 4720; x_wconf 77' lang='grc'><strong>1)</strong></span> <span class='ocrx_word' id='word_1_509' title='bbox 892 4637 932 4701; x_wconf 85' lang='grc'><strong>21.</strong></span> <span class='ocrx_word' id='word_1_510' title='bbox 957 4639 1089 4701; x_wconf 64' lang='lat' dir='ltr'><strong>cantor</strong></span> <span class='ocrx_word' id='word_1_511' title='bbox 1111 4635 1204 4722; x_wconf 86' lang='lat' dir='ltr'><strong>(quid</strong></span> <span class='ocrx_word' id='word_1_512' title='bbox 1225 4635 1393 4722; x_wconf 74' lang='lat' dir='ltr'><strong>prodesti)</strong></span> <span class='ocrx_word' id='word_1_513' title='bbox 1410 4637 1450 4701; x_wconf 95' lang='grc'><strong>91.</strong></span> <span class='ocrx_word' id='word_1_514' title='bbox 1476 4640 1540 4702; x_wconf 83' lang='lat' dir='ltr'><strong>eia-</strong></span> <span class='ocrx_word' id='word_1_515' title='bbox 1641 4627 1644 4634; x_wconf 71' lang='grc'>’</span> 
     </span>
    </p>
   </div>
   <div class='ocr_carea' id='block_1_7' title="bbox 83 4734 1545 5315">
    <p class='ocr_par' dir='ltr' id='par_1_10' title="bbox 83 4734 1539 4825">
     <span class='ocr_line' id='line_1_42' title="bbox 83 4734 1539 4825; baseline 0.003 -27"><span class='ocrx_word' id='word_1_516' title='bbox 83 4736 151 4818; x_wconf 75' lang='lat' dir='ltr'><strong>ricc,</strong></span> <span class='ocrx_word' id='word_1_517' title='bbox 169 4740 261 4804; x_wconf 63' lang='lat' dir='ltr'><strong>rerico</strong></span> <span class='ocrx_word' id='word_1_518' title='bbox 282 4739 341 4825; x_wconf 82' lang='lat' dir='ltr'><strong>(gl.</strong></span> <span class='ocrx_word' id='word_1_519' title='bbox 365 4737 442 4825; x_wconf 91' lang='lat' dir='ltr'><strong>quid</strong></span> <span class='ocrx_word' id='word_1_520' title='bbox 457 4736 568 4824; x_wconf 78' lang='lat' dir='ltr'><strong>ergoP)</strong></span> <span class='ocrx_word' id='word_1_521' title='bbox 591 4737 631 4800; x_wconf 79' lang='lat'><strong>3⁸.</strong></span> <span class='ocrx_word' id='word_1_522' title='bbox 646 4735 691 4818; x_wconf 74' lang='lat'><strong>3⁶3</strong></span> <span class='ocrx_word' id='word_1_523' title='bbox 716 4737 752 4800; x_wconf 70' lang='lat'><strong>3⁶.</strong></span> <span class='ocrx_word' id='word_1_524' title='bbox 779 4741 893 4802; x_wconf 57' lang='lat' dir='ltr'><strong>oermcc</strong></span> <span class='ocrx_word' id='word_1_525' title='bbox 915 4737 973 4824; x_wconf 83' lang='lat' dir='ltr'><strong>(gl.</strong></span> <span class='ocrx_word' id='word_1_526' title='bbox 996 4739 1073 4824; x_wconf 88' lang='lat' dir='ltr'><strong>quid</strong></span> <span class='ocrx_word' id='word_1_527' title='bbox 1094 4736 1227 4824; x_wconf 70' lang='lat' dir='ltr'><strong>igituri)</strong></span> <span class='ocrx_word' id='word_1_528' title='bbox 1250 4734 1306 4821; x_wconf 82' lang='lat' dir='ltr'><strong>Sg.</strong></span> <span class='ocrx_word' id='word_1_529' title='bbox 1329 4737 1408 4808; x_wconf 84' lang='grc'><strong>1991.</strong></span> <span class='ocrx_word' id='word_1_530' title='bbox 1434 4741 1539 4804; x_wconf 74' lang='lat' dir='ltr'><strong>arria·</strong></span> 
     </span>
    </p>

    <p class='ocr_par' dir='ltr' id='par_1_11' title="bbox 85 4835 1541 4926">
     <span class='ocr_line' id='line_1_43' title="bbox 85 4835 1541 4926; baseline 0.005 -28"><span class='ocrx_word' id='word_1_531' title='bbox 85 4835 141 4900; x_wconf 74' lang='lat' dir='ltr'><strong>ricc</strong></span> <span class='ocrx_word' id='word_1_532' title='bbox 167 4837 221 4923; x_wconf 84' lang='lat' dir='ltr'><strong>(gl.</strong></span> <span class='ocrx_word' id='word_1_533' title='bbox 245 4840 322 4926; x_wconf 90' lang='lat' dir='ltr'><strong>quid</strong></span> <span class='ocrx_word' id='word_1_534' title='bbox 345 4838 468 4922; x_wconf 77' lang='lat' dir='ltr'><strong>enimi)</strong></span> <span class='ocrx_word' id='word_1_535' title='bbox 490 4837 566 4904; x_wconf 89' lang='lat' dir='ltr'><strong>Wb.</strong></span> <span class='ocrx_word' id='word_1_536' title='bbox 587 4839 624 4904; x_wconf 78' lang='grc'><strong>21.</strong></span> <span class='ocrx_word' id='word_1_537' title='bbox 656 4840 772 4902; x_wconf 64' lang='lat' dir='ltr'><strong>arserio</strong></span> <span class='ocrx_word' id='word_1_538' title='bbox 793 4836 849 4923; x_wconf 87' lang='lat' dir='ltr'><strong>(gl.</strong></span> <span class='ocrx_word' id='word_1_539' title='bbox 873 4839 949 4925; x_wconf 90' lang='lat' dir='ltr'><strong>quid</strong></span> <span class='ocrx_word' id='word_1_540' title='bbox 972 4837 1094 4923; x_wconf 74' lang='lat' dir='ltr'><strong>enimi)</strong></span> <span class='ocrx_word' id='word_1_541' title='bbox 1117 4837 1171 4904; x_wconf 83' lang='lat' dir='ltr'><strong>Or.</strong></span> <span class='ocrx_word' id='word_1_542' title='bbox 1193 4838 1252 4902; x_wconf 85' lang='grc'><strong>331.</strong></span> <span class='ocrx_word' id='word_1_543' title='bbox 1278 4838 1327 4901; x_wconf 83' lang='lat' dir='ltr'><strong>cio</strong></span> <span class='ocrx_word' id='word_1_544' title='bbox 1345 4837 1480 4923; x_wconf 70' lang='lat' dir='ltr'><strong>pabthar</strong></span> <span class='ocrx_word' id='word_1_545' title='bbox 1500 4840 1541 4905; x_wconf 85' lang='lat' dir='ltr'><strong>do</strong></span> 
     </span>
    </p>

    <p class='ocr_par' dir='ltr' id='par_1_12' title="bbox 86 4935 1541 5028">
     <span class='ocr_line' id='line_1_44' title="bbox 86 4935 1541 5028; baseline 0.005 -26"><span class='ocrx_word' id='word_1_546' title='bbox 86 4935 240 5025; x_wconf 86' lang='lat' dir='ltr'><strong>(quidquid</strong></span> <span class='ocrx_word' id='word_1_547' title='bbox 263 4941 457 5028; x_wconf 87' lang='lat' dir='ltr'><strong>praecipitur</strong></span> <span class='ocrx_word' id='word_1_548' title='bbox 479 4940 524 5022; x_wconf 91' lang='lat' dir='ltr'><strong>ei)</strong></span> <span class='ocrx_word' id='word_1_549' title='bbox 548 4938 621 5006; x_wconf 88' lang='lat' dir='ltr'><strong>Wb.</strong></span> <span class='ocrx_word' id='word_1_550' title='bbox 640 4939 702 5004; x_wconf 90' lang='grc'><strong>291.</strong></span> <span class='ocrx_word' id='word_1_551' title='bbox 730 4937 832 5006; x_wconf 81' lang='lat' dir='ltr'><strong>cebtor</strong></span> <span class='ocrx_word' id='word_1_552' title='bbox 853 4941 893 5003; x_wconf 74' lang='lat' dir='ltr'><strong>lre&#39;</strong></span> <span class='ocrx_word' id='word_1_553' title='bbox 912 4939 1137 5025; x_wconf 87' lang='lat' dir='ltr'><strong>(quaecunque</strong></span> <span class='ocrx_word' id='word_1_554' title='bbox 1158 4939 1286 5007; x_wconf 72' lang='lat' dir='ltr'><strong>buerunt</strong></span> <span class='ocrx_word' id='word_1_555' title='bbox 1303 4937 1370 5021; x_wconf 77' lang='lat' dir='ltr'><strong>illa,</strong></span> <span class='ocrx_word' id='word_1_556' title='bbox 1392 4941 1541 5027; x_wconf 56' lang='lat' dir='ltr'><strong>peccam</strong></span> 
     </span>
    </p>

    <p class='ocr_par' dir='ltr' id='par_1_13' title="bbox 87 5037 1542 5128">
     <span class='ocr_line' id='line_1_45' title="bbox 87 5037 1542 5128; baseline 0.004 -26"><span class='ocrx_word' id='word_1_557' title='bbox 87 5037 123 5100; x_wconf 81' lang='lat'><strong>4⁴.</strong></span> <span class='ocrx_word' id='word_1_558' title='bbox 156 5044 229 5104; x_wconf 75' lang='lat' dir='ltr'><strong>oitnl</strong></span> <span class='ocrx_word' id='word_1_559' title='bbox 242 5043 364 5128; x_wconf 80' lang='lat' dir='ltr'><strong>soruar</strong></span> <span class='ocrx_word' id='word_1_560' title='bbox 394 5041 492 5126; x_wconf 86' lang='lat' dir='ltr'><strong>(quae</strong></span> <span class='ocrx_word' id='word_1_561' title='bbox 516 5041 581 5106; x_wconf 90' lang='lat' dir='ltr'><strong>sint</strong></span> <span class='ocrx_word' id='word_1_562' title='bbox 603 5062 642 5106; x_wconf 82' lang='lat' dir='ltr'><strong>ea</strong></span> <span class='ocrx_word' id='word_1_563' title='bbox 664 5062 745 5126; x_wconf 85' lang='lat' dir='ltr'><strong>quae</strong></span> <span class='ocrx_word' id='word_1_564' title='bbox 767 5041 985 5127; x_wconf 84' lang='lat' dir='ltr'><strong>praeparavit,</strong></span> <span class='ocrx_word' id='word_1_565' title='bbox 1007 5040 1103 5124; x_wconf 84' lang='lat' dir='ltr'><strong>deus)</strong></span> <span class='ocrx_word' id='word_1_566' title='bbox 1132 5043 1171 5108; x_wconf 87' lang='grc'><strong>81.</strong></span> <span class='ocrx_word' id='word_1_567' title='bbox 1201 5041 1470 5122; x_wconf 63' lang='lat' dir='ltr'><strong>enecaretur</strong></span> <span class='ocrx_word' id='word_1_568' title='bbox 1491 5044 1542 5108; x_wconf 81' lang='lat' dir='ltr'><strong>eia</strong></span> 
     </span>
    </p>

    <p class='ocr_par' dir='ltr' id='par_1_14' title="bbox 86 5137 1545 5315">
     <span class='ocr_line' id='line_1_46' title="bbox 86 5137 1545 5230; baseline 0.007 -30"><span class='ocrx_word' id='word_1_569' title='bbox 86 5137 188 5204; x_wconf 70' lang='lat' dir='ltr'><strong>esron</strong></span> <span class='ocrx_word' id='word_1_570' title='bbox 210 5141 454 5228; x_wconf 76' lang='lat' dir='ltr'><strong>predchimmem&#39;</strong></span> <span class='ocrx_word' id='word_1_571' title='bbox 481 5140 558 5226; x_wconf 86' lang='lat' dir='ltr'><strong>(scit</strong></span> <span class='ocrx_word' id='word_1_572' title='bbox 579 5141 665 5228; x_wconf 85' lang='lat' dir='ltr'><strong>ipse,</strong></span> <span class='ocrx_word' id='word_1_573' title='bbox 695 5141 750 5228; x_wconf 85' lang='lat' dir='ltr'><strong>qui</strong></span> <span class='ocrx_word' id='word_1_574' title='bbox 779 5141 970 5224; x_wconf 77' lang='lat' dir='ltr'><strong>sit&#39;modus,</strong></span> <span class='ocrx_word' id='word_1_575' title='bbox 1000 5140 1159 5230; x_wconf 86' lang='lat' dir='ltr'><strong>quomodo</strong></span> <span class='ocrx_word' id='word_1_576' title='bbox 1185 5138 1421 5228; x_wconf 73' lang='lat' dir='ltr'><strong>praedicemus,</strong></span> <span class='ocrx_word' id='word_1_577' title='bbox 1448 5142 1545 5228; x_wconf 88' lang='lat' dir='ltr'><strong>deus)</strong></span> 
     </span>
     <span class='ocr_line' id='line_1_47' title="bbox 1287 5257 1340 5315; baseline 0 -27"><span class='ocrx_word' id='word_1_578' title='bbox 1287 5257 1340 5315; x_wconf 62' lang='lat'><strong>2⁸0</strong></span> 
     </span>
    </p>
   </div>
   <div class='ocr_carea' id='block_1_8' title="bbox 0 0 1831 5646">
    <p class='ocr_par' dir='ltr' id='par_1_15' title="bbox 0 0 1831 5646">
     <span class='ocr_line' id='line_1_48' title="bbox 0 0 1831 5646; baseline 0 0"><span class='ocrx_word' id='word_1_579' title='bbox 0 0 1831 5646; x_wconf 95' lang='lat' dir='ltr'><strong> </strong></span> 
     </span>
    </p>
   </div>
  </div>
 </body>
</html>
