3684 5648
280 427 323 492 44
354 427 406 492 (54-
419 428 461 493 ⁶⁵)
755 423 782 492 Ι.
806 428 834 492 1.
867 443 1009 502 maome.
1029 443 1053 490 u
1073 442 1267 492 pransuros.

279 615 430 700 asapia
450 613 528 698 (duo
549 611 718 700 promissa)
732 611 789 678 Ml.
806 613 877 680 381.
910 611 1139 700 Neglegentius
1158 613 1294 698 incapte
1314 611 1412 696 (duae
1430 612 1564 698 formae)
1587 610 1643 698 Sg.
1658 613 1741 692 168⁸,

282 715 346 780 nisi
367 715 447 782 forte
470 725 542 781 ante
561 740 604 803 pa
625 713 746 779 inutilis
767 713 934 780 videbatur
956 714 1075 782 additio
1096 715 1219 782 litterae
1239 738 1269 778 a.

310 841 313 855 ·
357 817 399 901 j)
432 818 576 884 Eandem
595 816 737 902 regulam
765 823 914 881 secuntur
934 817 1110 882 numeralia
1130 815 1295 882 hibernica
1320 815 1400 898 VH,
1427 815 1524 899 vm,
1552 816 1603 882 IX
1631 817 1666 882 in
1693 817 1743 884 bis

285 919 453 1004 exemplis:
486 917 718 983 insectatores
744 917 801 1003 (gl.
825 919 945 1004 septies
967 919 1089 1004 octoni)
1122 915 1175 985 Cr.
1198 919 1258 984 33¹.
1292 917 1443 982 resedeat
1469 920 1487 982 7
1510 930 1557 983 oet
1575 921 1659 1004 apat
1686 918 1742 1005 (gl

280 1017 401 1084 formae
423 1022 511 1104 octo)
540 1019 693 1106 Sg.166·.
725 1019 843 1083 avectos
863 1021 1074 1084 ediceremus>
1103 1019 1255 1105 (Mochoe
1283 1043 1398 1086 novem
1420 1018 1561 1104 collium)
1591 1019 1646 1105 Sg.
1670 1021 1742 1085 226.

197 1127 198 1130 ’
281 1119 337 1205 (gl.
360 1123 474 1208 marg.)
506 1124 559 1186 noi
578 1121 747 1186 aebliadna.
769 1143 800 1182 a.
823 1121 922 1184 iarsia
944 1120 1158 1207 (undeviginti
1181 1143 1280 1188 annos
1296 1121 1424 1210 postea)
1438 1121 1517 1186 Leb.
1533 1121 1645 1188 Brecc.
1674 1145 1744 1187 con-

282 1223 346 1283 ra'ce'
363 1221 455 1286 lsuclrt
474 1227 633 1287 eoz'aomne
660 1225 787 1309 (usque
816 1221 856 1287 ad
877 1221 985 1307 iugum
1006 1245 1122 1288 novem
1143 1224 1334 1310 quercuum)
1361 1221 1486 1289 Tirech.
1511 1225 1538 1287 1.
1561 1222 1620 1305 fri
1639 1227 1675 1288 rl
1695 1227 1747 1288 noi
1777 1209 1783 1222 ⁶

281 1345 366 1384 auor
389 1322 509 1410 (spatio
528 1348 644 1391 novem
656 1322 818 1407 horarum)
839 1322 911 1388 Lib.
925 1323 1061 1410 Ballym.
1078 1322 1219 1407 (O’Dou.
1238 1325 1303 1410 92).
1336 1323 1439 1390 Deest
1458 1323 1581 1409 liquida
1602 1334 1677 1391 ante
1698 1333 1746 1391 te·

279 1447 387 1489 nuem:
410 1428 437 1489 s't
456 1409 602 1492 sectaret
623 1425 681 1511 (gl.
705 1424 823 1511 septies
847 1425 987 1510 centeni)
1011 1423 1065 1492 Or.
1088 1427 1152 1506 42⁶3
1176 1426 1251 1492 item
1274 1435 1346 1499 ante
1369 1427 1555 1512 spirantem:
1579 1429 1634 1491 noi
1653 1429 1746 1492 setlir

281 1526 338 1611 (gl.
361 1551 476 1593 novem
507 1528 690 1613 glandulae)
720 1525 774 1612 Sg.
796 1527 858 1592 49⁶.
908 1526 1073 1593 Deficiunt
1101 1529 1229 1614 quidem
1257 1551 1275 1593 e
1301 1527 1380 1592 meis
1410 1527 1571 1594 codicibus
1600 1530 1747 1616 exempla

281 1636 409 1693 vetusta
434 1629 557 1694 numeri
577 1628 611 1693 X
634 1651 705 1694 cum
727 1630 933 1716 sequentibus
955 1629 1120 1696 vocalibus
1143 1638 1174 1696 et
1193 1630 1322 1711 mediis,
1353 1629 1410 1694 sed
1432 1651 1503 1694 oum
1530 1630 1565 1695 in
1591 1631 1748 1697 hodierna

280 1728 391 1814 lingua
413 1730 594 1795 inficiantur
616 1731 728 1816 eclipsi
749 1729 1035 1795 nasali‘cousonae
1058 1732 1152 1796 etiam
1173 1741 1247 1820 post
1267 1732 1353 1798 hunc
1373 1730 1476 1816 (dact
1494 1753 1610 1818 prosa,
1635 1733 1747 1798 decem

279 1831 396 1916 pedes,
424 1841 459 1896 ut
484 1832 563 1895 secla
587 1855 708 1918 prosa,
738 1833 805 1896 ocbt
830 1853 955 1918 p-cosa,
987 1835 1041 1896 aoa'
1058 1833 1197 1919 peasa),
1228 1833 1413 1898 statuendae
1443 1841 1518 1898 eunt
1543 1833 1663 1900 formae
1691 1859 1748 1900 ve-

279 1931 430 1999 tustiores
452 1956 650 1999 numerorum
672 1923 824 1998 VII-'X
844 1935 978 2013 rechten,
1004 1935 1124 2018 ocletea,
1149 1935 1238 2014 adia,
1265 1935 1392 2016 derbem
1422 1943 1458 1997 ut
1480 1955 1601 2001 sanscr.
1623 1947 1747 2021 septen,

281 2036 381 2116 attan,
405 2036 523 2114 red-aaa,
546 2035 657 2116 (idean,
681 2043 717 2099 ut
737 2035 791 2099 lat.
814 2047 932 2120 septem,
954 2057 1069 2117 aorem,
1093 2037 1201 2100 decem.

365 2137 393 2202 3.
427 2138 574 2204 Alternat
594 2139 629 2202 in
652 2137 841 2224 quibusdam
862 2137 894 2202 N
915 2159 986 2201 cum
1007 2137 1116 2202 formis
1137 2137 1213 2219 NN,
1237 2136 1314 2218 ND,
1337 2133 1412 2218 NT,
1442 2157 1572 2223 quarum
1593 2137 1749 2226 princeps

280 2237 428 2304 habenda
450 2239 591 2320 estND,
616 2262 697 2325 quae
720 2247 774 2303 aut
796 2239 1025 2304 assimilatione
1046 2247 1181 2304 mutetur
1191 2226 1277 2304 'ante
1291 2238 1430 2320 vocales,
1454 2247 1508 2304 aut
1522 2239 1651 2305 duretur
1673 2251 1749 2307 ante

272 2363 298 2402 a
320 2341 538 2408 mortificatam
561 2343 754 2429 plerumque,
779 2341 880 2407 autin
894 2341 925 2405 N
948 2341 1140 2426 singularem
1153 2350 1295 2407 transeat
1318 2349 1390 2406 ante
1405 2347 1518 2406 tenues
1534 2342 1749 2428 potissimum.

371 2442 518 2508 Formam
545 2444 750 2509 assimilatam
771 2443 834 2508 NN
854 2443 887 2507 in
910 2443 1041 2509 articulo
1063 2443 1145 2508 infra
1166 2443 1288 2530 patebit
1309 2465 1379 2507 cum
1400 2443 1434 2507 in
1456 2444 1640 2511 accusativo
1664 2447 1750 2533 sing.

211 2569 213 2582 ·
284 2565 380 2608 masc.
404 2554 436 2609 et
448 2545 520 2611 fem.
537 2569 619 2632 gen,
644 2544 734 2612 cuius
764 2544 863 2608 altera
882 2544 914 2609 N
936 2545 976 2608 ad
998 2567 1091 2611 casus
1113 2544 1362 2610 temninationem
1384 2545 1531 2631 pertinet,
1556 2555 1629 2611 ante
1651 2569 1751 2613 voca·

282 2644 339 2727 les,
363 2655 428 2710 tum
449 2647 483 2711 in
505 2647 673 2734 bisyllabis
693 2645 802 2711 formis
824 2648 911 2726 iana,
932 2648 1029 2710 iaaac
1050 2647 1204 2734 viguisse.

366 2747 482 2813 Forma
502 2748 652 2836 primaria
672 2745 735 2813 ND
764 2747 797 2811 in
825 2747 929 2812 media
956 2771 1035 2815 voce
1057 2748 1257 2835 potissimum
1279 2756 1423 2813 servatur
1447 2749 1482 2812 in
1508 2748 1752 2834 praepositione

282 2850 316 2912 ia
338 2850 536 2917 coalescente
559 2873 629 2916 cum
650 2848 888 2936 pronominibus
911 2849 1035 2946 suffixis
1066 2849 1224 2937 (exceptis
1244 2847 1354 2915 formis
1376 2851 1438 2914 iate
1465 2849 1637 2934 (ineam),
1667 2852 1753 2914 tatia

283 2950 421 3034 (ineos,
446 2952 532 3036 eas),
556 2952 595 3016 de
618 2952 733 3037 quibus
754 2950 837 3016 infra
859 2951 995 3036 dicetur)
1024 2959 1059 3016 ut
1080 2951 1216 3032 indiam,
1243 2951 1400 3016 indiscussa
1422 2950 1470 3035 (in
1493 2949 1572 3036 me),
1603 2951 1753 3032 indicna,

282 3054 430 3118 inclinasti
451 3053 500 3138 (in
522 3053 641 3138 nobis),
663 3053 744 3115 indit
757 3051 816 3136 (in
836 3053 902 3138 te),
925 3052 1012 3116 eadit
1034 3052 1083 3137 (in
1105 3053 1223 3136 vobis),
1246 3051 1337 3116 incid
1358 3051 1408 3136 (in
1431 3051 1500 3137 eo),
1522 3053 1593 3116 indi
1613 3050 1663 3136 (in
1688 3053 1755 3138 ea),

282 3153 369 3218 eadit
399 3155 448 3242 (in
471 3155 535 3236 eis;
558 3154 597 3220 cf.
620 3178 732 3241 pronn.
755 3177 839 3241 pers.
864 3154 932 3220 suff.
961 3161 993 3219 et
1012 3177 1159 3242 praepos.
1181 3152 1259 3240 in).‘
1303 3153 1344 3218 In
1365 3155 1429 3219 fine
1452 3162 1539 3219 extat
1566 3154 1601 3219 in
1623 3154 1755 3222 miculi

282 3257 383 3322 forma
403 3258 475 3338 iad,
498 3266 573 3343 post
594 3279 688 3342 quam
709 3257 838 3322 vocales
862 3256 1022 3322 excidisse
1042 3255 1193 3342 probatur
1213 3255 1385 3322 infectione
1407 3256 1549 3320 tenuium
1570 3264 1604 3322 et
1624 3256 1755 3344 spiran-

283 3357 376 3441 tium,
408 3381 489 3445 quae
517 3367 592 3423 sunt
619 3359 653 3422 in
680 3357 838 3445 principio
864 3357 1002 3423 nominis
1024 3357 1239 3444 insequentis3
1269 3357 1352 3424 hanc
1373 3356 1506 3422 formam
1527 3358 1649 3423 serrari
1677 3367 1756 3425 ante

283 3461 413 3526 vocales
436 3470 467 3526 et
487 3460 625 3548 liquidas
649 3468 774 3526 etanta
788 3460 816 3544 f
833 3458 1006 3544 (interdum
1020 3458 1049 3543 s)
1072 3469 1244 3525 emortuam
1265 3461 1298 3526 in
1314 3461 1396 3546 sing.
1412 3480 1508 3525 masc.
1524 3468 1557 3524 et
1569 3467 1672 3525 neutr.
1698 3483 1757 3546 ge·

283 3563 392 3628 nativo
416 3571 447 3627 et
460 3563 578 3643 dativo,
601 3563 634 3626 in
655 3562 735 3649 plur.
758 3583 854 3626 masc.
876 3561 1082 3642 nominativo,
1104 3561 1139 3626 in
1160 3561 1231 3628 fem.
1255 3563 1336 3648 sing.
1358 3561 1553 3628 nominativo
1578 3569 1611 3627 et
1632 3561 1756 3644 dativo,

285 3663 540 3750 eparadigmate
562 3664 685 3729 articuli
708 3663 882 3749 apparebit.

368 3763 484 3831 Forma
504 3766 616 3832 durata
635 3765 694 3831 NT
716 3765 781 3830 fere
804 3764 984 3847 adhibetur,
1013 3765 1193 3852 ubicunque
1214 3787 1229 3828 s
1251 3765 1370 3830 excidit
1397 3766 1507 3831 autin
1526 3763 1757 3831 terminatione

285 3865 374 3932 vocis
398 3875 453 3931 aut
473 3867 507 3932 in
527 3869 684 3955 principio
707 3868 879 3954 proximae.
929 3864 1069 3931 Invaluit
1089 3867 1186 3952 igitur
1207 3867 1331 3933 articuli
1352 3866 1452 3934 forma
1474 3866 1581 3933 durior
1602 3867 1651 3929 aa
1678 3875 1758 3931 ante

284 3969 415 4063 vocales
437 3969 472 4034 in
492 3993 575 4035 nom.
592 3969 673 4056 sing.
697 3969 822 4056 generis
845 3968 1020 4051 masculini,
1043 3969 1076 4033 in
1100 3991 1162 4056 quo
1185 3967 1280 4034 etiam
1300 3979 1375 4056 post
1395 3968 1526 4036 formam
1547 3971 1581 4034 ia
1604 3978 1756 4034 servatur

286 4080 386 4138 status
409 4072 504 4137 durus
527 4093 749 4152 consonarum;
774 4071 883 4135 eadem
903 4069 1002 4135 forma
1017 4071 1141 4136 articuli
1162 4073 1210 4134 iat
1231 4093 1356 4158 semper
1369 4071 1436 4136 fere
1450 4071 1611 4138 invenitur
1634 4069 1758 4150 (rarius

286 4181 374 4239 extat
393 4173 464 4257 iad)
488 4183 589 4240 antea
611 4172 805 4238 debilitatam
825 4171 879 4237 rel
900 4179 936 4235 ut
957 4171 1066 4237 dicunt
1081 4173 1299 4239 mortificatam
1321 4173 1355 4238 in
1371 4173 1516 4239 omnibus
1538 4171 1634 4235 trium
1655 4193 1759 4257 gene·

286 4299 354 4340 rum
377 4275 514 4357 casibus,
537 4275 571 4339 in
586 4276 701 4362 quibus
723 4276 779 4339 iad
801 4281 850 4340 est
872 4281 945 4339 ante
967 4275 1094 4340 vocales
1118 4273 1278 4362 (exempla
1298 4275 1333 4339 in
1348 4275 1462 4358 artic).
1499 4271 1579 4338 Item
1594 4271 1760 4358 particula

285 4377 342 4442 iad
368 4375 402 4440 in
430 4378 658 4466 compositione
688 4377 816 4458 (vetust.
840 4375 913 4462 gall.
937 4376 1046 4460 eade)
1075 4377 1112 4440 fit
1139 4378 1186 4440 int
1214 4387 1287 4442 ante
1315 4399 1329 4441 s
1356 4375 1557 4441 iniciendam
1586 4373 1758 4459 sequentis

286 4480 376 4546 vocis
403 4479 458 4563 (cf.
481 4479 648 4568 compos).
692 4476 840 4563 Denique
869 4476 978 4542 eadem
1003 4476 1105 4542 forma
1131 4477 1166 4542 in
1188 4478 1310 4544 duabus
1338 4476 1481 4544 formulis
1504 4476 1761 4542 coalescentium

287 4607 357 4651 oum
378 4582 615 4670 praepositione
637 4582 671 4644 ia
691 4578 912 4665 pronominum
934 4578 1068 4644 invaluit
1090 4601 1157 4644 cum
1182 4580 1381 4646 accusativo:
1404 4580 1467 4644 tnta
1489 4577 1539 4660 (in
1562 4599 1641 4659 eam,
1663 4577 1760 4662 fem.)

287 4685 342 4770 Sg.
366 4685 405 4748 6‘.
435 4686 525 4748 intest
546 4684 602 4770 (gl.
625 4684 660 4748 in
680 4679 799 4766 ipsam)
823 4677 1080 4764 Sg.199·.209”.
1107 4681 1187 4743 ictis
1211 4680 1353 4766 (ineos)
1376 4679 1430 4768 Sg.
1455 4683 1495 4746 7⁸.
1525 4679 1582 4744 Ml.
1605 4681 1667 4744 21⁸.
1692 4679 1759 4760 28⁶,

287 4809 367 4872 quas
382 4787 422 4851 ab
444 4787 539 4867 eadee,
562 4785 667 4849 indata
688 4781 847 4870 profectas
869 4803 942 4848 esse
964 4805 1004 4848 ex
1026 4781 1097 4846 aliis
1118 4779 1228 4848 formis
1251 4782 1440 4869 quibusdam
1454 4790 1550 4870 patet
1579 4781 1762 4870 (Exempla

256 4981 257 4986 η
288 4887 508 4952 adverbiorum
534 4883 799 4972 pronominalium
820 4881 914 4949 AND
938 4891 970 4948 et
991 4881 1111 4950 SUND
1138 4892 1324 4950 mutatorum
1353 4885 1388 4948 in
1410 4895 1478 4968 eat,
1506 4894 1577 4948 sont
1597 4883 1682 4950 infra
1705 4907 1761 4951 se-

288 4999 431 5075 quentur,
453 5011 484 5075 p.
501 4989 568 5070 61.)

235 5209 245 5215 φ
359 5141 372 5168 ·
390 5141 459 5205 Quas
476 5141 572 5194 formae
590 5140 821 5192 commonefaciunt
838 5139 934 5193 latinae
951 5141 1068 5193 vetustae
1084 5135 1148 5191 inda
1165 5153 1212 5208 pro
1228 5139 1269 5192 a:
1286 5137 1351 5192 indu
1367 5140 1437 5192 mari
1452 5137 1529 5204 Eun,
1547 5135 1698 5206 indupedita,
1720 5139 1763 5193 ia·

287 5209 429 5280 depasta
445 5209 561 5266 Lucil:
573 5207 692 5278 impedio,
711 5209 857 5276 imperator.
1830 5205 1831 5220 ¹
