<?xml version="1.0" encoding="UTF-8"?>
<!DOCTYPE html PUBLIC "-//W3C//DTD XHTML 1.0 Transitional//EN"
    "http://www.w3.org/TR/xhtml1/DTD/xhtml1-transitional.dtd">
<html xmlns="http://www.w3.org/1999/xhtml" xml:lang="en" lang="en">
 <head>
  <title>
</title>
<meta http-equiv="Content-Type" content="text/html;charset=utf-8" />
  <meta name='ocr-system' content='tesseract 3.04.00' />
  <meta name='ocr-capabilities' content='ocr_page ocr_carea ocr_par ocr_line ocrx_word'/>
</head>
<body>
  <div class='ocr_page' id='page_1' title='image "./grammaticacelti00ebelgoog/grammaticacelti00ebelgoog_0426.png"; bbox 0 0 3678 5650; ppageno 0'>
   <div class='ocr_carea' id='block_1_1' title="bbox 452 470 1641 539">
    <p class='ocr_par' dir='ltr' id='par_1_1' title="bbox 452 470 1641 539">
     <span class='ocr_line' id='line_1_1' title="bbox 452 470 1641 539; baseline -0.002 -1"><span class='ocrx_word' id='word_1_1' title='bbox 452 470 513 538; x_wconf 91' lang='lat' dir='ltr'>III.</span> <span class='ocrx_word' id='word_1_2' title='bbox 539 475 566 537; x_wconf 90' lang='lat'>1.</span> <span class='ocrx_word' id='word_1_3' title='bbox 599 485 811 538; x_wconf 76' lang='lat' dir='ltr'>rsnrrcuusn</span> <span class='ocrx_word' id='word_1_4' title='bbox 832 485 1004 534; x_wconf 74' lang='lat' dir='ltr'>vanescas</span> <span class='ocrx_word' id='word_1_5' title='bbox 1026 484 1227 534; x_wconf 75' lang='grc'><strong>1111111111.</strong></span> <span class='ocrx_word' id='word_1_6' title='bbox 1325 473 1481 538; x_wconf 65' lang='lat' dir='ltr'>&lt;tw-m)</span> <span class='ocrx_word' id='word_1_7' title='bbox 1513 475 1576 539; x_wconf 82' lang='lat'>419</span> <span class='ocrx_word' id='word_1_8' title='bbox 1637 502 1641 536; x_wconf 77' lang='grc' dir='ltr'><em>ι</em></span> 
     </span>
    </p>
   </div>
   <div class='ocr_carea' id='block_1_2' title="bbox 100 654 1672 5414">
    <p class='ocr_par' dir='ltr' id='par_1_2' title="bbox 100 654 1638 1046">
     <span class='ocr_line' id='line_1_2' title="bbox 192 654 1575 744; baseline -0.001 -20"><span class='ocrx_word' id='word_1_9' title='bbox 192 655 413 724; x_wconf 85' lang='lat' dir='ltr'>Coniunctivi:</span> <span class='ocrx_word' id='word_1_10' title='bbox 435 657 487 742; x_wconf 72' lang='lat' dir='ltr'>tyr</span> <span class='ocrx_word' id='word_1_11' title='bbox 509 657 681 744; x_wconf 71' lang='lat' dir='ltr'>rywnelpcle</span> <span class='ocrx_word' id='word_1_12' title='bbox 703 658 740 720; x_wconf 79' lang='lat' dir='ltr'>di</span> <span class='ocrx_word' id='word_1_13' title='bbox 761 654 922 742; x_wconf 83' lang='lat' dir='ltr'>(quamvis</span> <span class='ocrx_word' id='word_1_14' title='bbox 944 654 1061 721; x_wconf 80' lang='lat' dir='ltr'>leceris</span> <span class='ocrx_word' id='word_1_15' title='bbox 1073 654 1124 740; x_wconf 90' lang='lat' dir='ltr'>tu)</span> <span class='ocrx_word' id='word_1_16' title='bbox 1138 654 1226 722; x_wconf 86' lang='lat' dir='ltr'>Mab.</span> <span class='ocrx_word' id='word_1_17' title='bbox 1242 659 1271 738; x_wconf 86' lang='lat'>3,</span> <span class='ocrx_word' id='word_1_18' title='bbox 1288 657 1359 723; x_wconf 78' lang='lat'>304.</span> <span class='ocrx_word' id='word_1_19' title='bbox 1390 668 1445 742; x_wconf 77' lang='lat' dir='ltr'>opt</span> <span class='ocrx_word' id='word_1_20' title='bbox 1466 679 1515 722; x_wconf 79' lang='lat' dir='ltr'>oce</span> <span class='ocrx_word' id='word_1_21' title='bbox 1535 681 1575 722; x_wconf 85' lang='lat' dir='ltr'>cr</span> 
     </span>
     <span class='ocr_line' id='line_1_3' title="bbox 100 757 1578 846; baseline 0.004 -26"><span class='ocrx_word' id='word_1_22' title='bbox 100 781 124 842; x_wconf 76' lang='lat' dir='ltr'><em>y</em></span> <span class='ocrx_word' id='word_1_23' title='bbox 148 759 228 822; x_wconf 77' lang='grc'><strong>111111</strong></span> <span class='ocrx_word' id='word_1_24' title='bbox 249 781 365 842; x_wconf 75' lang='lat' dir='ltr'>campa</span> <span class='ocrx_word' id='word_1_25' title='bbox 385 781 425 844; x_wconf 75' lang='lat' dir='ltr'>pr</span> <span class='ocrx_word' id='word_1_26' title='bbox 446 771 522 846; x_wconf 75' lang='lat' dir='ltr'>coty</span> <span class='ocrx_word' id='word_1_27' title='bbox 543 761 634 827; x_wconf 79' lang='lat' dir='ltr'>lwon</span> <span class='ocrx_word' id='word_1_28' title='bbox 655 781 721 844; x_wconf 72' lang='lat' dir='ltr'>oye,</span> <span class='ocrx_word' id='word_1_29' title='bbox 733 779 772 842; x_wconf 75' lang='lat' dir='ltr'>ry</span> <span class='ocrx_word' id='word_1_30' title='bbox 795 757 889 842; x_wconf 80' lang='lat' dir='ltr'>dyclco</span> <span class='ocrx_word' id='word_1_31' title='bbox 907 757 984 822; x_wconf 77' lang='lat' dir='ltr'>icrll</span> <span class='ocrx_word' id='word_1_32' title='bbox 998 759 1108 822; x_wconf 81' lang='lat' dir='ltr'>ieaacc</span> <span class='ocrx_word' id='word_1_33' title='bbox 1119 759 1214 842; x_wconf 72' lang='lat' dir='ltr'>yeeycl</span> <span class='ocrx_word' id='word_1_34' title='bbox 1230 760 1409 844; x_wconf 77' lang='lat' dir='ltr'>pymodcwc</span> <span class='ocrx_word' id='word_1_35' title='bbox 1429 761 1478 824; x_wconf 76' lang='lat' dir='ltr'>idi</span> <span class='ocrx_word' id='word_1_36' title='bbox 1498 761 1578 846; x_wconf 88' lang='lat' dir='ltr'>(non</span> 
     </span>
     <span class='ocr_line' id='line_1_4' title="bbox 105 859 1638 950; baseline 0.005 -28"><span class='ocrx_word' id='word_1_37' title='bbox 105 869 267 944; x_wconf 77' lang='lat' dir='ltr'>superest,</span> <span class='ocrx_word' id='word_1_38' title='bbox 291 861 487 945; x_wconf 74' lang='lat' dir='ltr'>comitissae,</span> <span class='ocrx_word' id='word_1_39' title='bbox 510 861 576 928; x_wconf 90' lang='lat' dir='ltr'>nisi</span> <span class='ocrx_word' id='word_1_40' title='bbox 598 884 663 950; x_wconf 79' lang='lat' dir='ltr'>pua</span> <span class='ocrx_word' id='word_1_41' title='bbox 684 861 796 926; x_wconf 88' lang='lat' dir='ltr'>domus</span> <span class='ocrx_word' id='word_1_42' title='bbox 818 859 907 943; x_wconf 88' lang='lat' dir='ltr'>haec,</span> <span class='ocrx_word' id='word_1_43' title='bbox 931 883 1026 946; x_wconf 88' lang='lat' dir='ltr'>quam</span> <span class='ocrx_word' id='word_1_44' title='bbox 1047 883 1112 924; x_wconf 92' lang='lat' dir='ltr'>non</span> <span class='ocrx_word' id='word_1_45' title='bbox 1133 859 1301 926; x_wconf 75' lang='lat' dir='ltr'><strong>abstulerit</strong></span> <span class='ocrx_word' id='word_1_46' title='bbox 1322 881 1428 927; x_wconf 90' lang='lat' dir='ltr'>comes</span> <span class='ocrx_word' id='word_1_47' title='bbox 1449 863 1576 930; x_wconf 82' lang='lat' dir='ltr'>iuvenis</span> <span class='ocrx_word' id='word_1_48' title='bbox 1631 867 1638 884; x_wconf 77' lang='lat'><strong><em>‘</em></strong></span> 
     </span>
     <span class='ocr_line' id='line_1_5' title="bbox 102 960 837 1046; baseline 0.01 -23"><span class='ocrx_word' id='word_1_49' title='bbox 102 960 235 1024; x_wconf 91' lang='lat' dir='ltr'>vicinus</span> <span class='ocrx_word' id='word_1_50' title='bbox 258 960 304 1046; x_wconf 91' lang='lat' dir='ltr'>ei)</span> <span class='ocrx_word' id='word_1_51' title='bbox 329 963 356 1043; x_wconf 87' lang='lat'>1,</span> <span class='ocrx_word' id='word_1_52' title='bbox 372 963 423 1028; x_wconf 90' lang='grc'>28.</span> <span class='ocrx_word' id='word_1_53' title='bbox 835 1035 837 1044; x_wconf 49' lang='grc'><strong>,</strong></span> 
     </span>
    </p>

    <p class='ocr_par' dir='ltr' id='par_1_3' title="bbox 102 1060 1700 3079">
     <span class='ocr_line' id='line_1_6' title="bbox 197 1060 1578 1150; baseline 0.004 -25"><span class='ocrx_word' id='word_1_54' title='bbox 197 1060 379 1128; x_wconf 84' lang='lat' dir='ltr'>Infinitivus</span> <span class='ocrx_word' id='word_1_55' title='bbox 400 1073 544 1150; x_wconf 87' lang='lat' dir='ltr'>tempora</span> <span class='ocrx_word' id='word_1_56' title='bbox 569 1064 791 1131; x_wconf 69' lang='lat' dir='ltr'>terminatione</span> <span class='ocrx_word' id='word_1_57' title='bbox 812 1086 879 1129; x_wconf 92' lang='lat' dir='ltr'>non</span> <span class='ocrx_word' id='word_1_58' title='bbox 901 1063 1087 1148; x_wconf 85' lang='lat' dir='ltr'>significans</span> <span class='ocrx_word' id='word_1_59' title='bbox 1109 1064 1252 1150; x_wconf 86' lang='lat' dir='ltr'>praefixa</span> <span class='ocrx_word' id='word_1_60' title='bbox 1278 1062 1340 1130; x_wconf 85' lang='lat' dir='ltr'>hac</span> <span class='ocrx_word' id='word_1_61' title='bbox 1360 1065 1517 1150; x_wconf 77' lang='lat' dir='ltr'>particula</span> <span class='ocrx_word' id='word_1_62' title='bbox 1538 1067 1578 1132; x_wconf 86' lang='lat' dir='ltr'>ad</span> 
     </span>
     <span class='ocr_line' id='line_1_7' title="bbox 104 1164 1580 1253; baseline 0.003 -27"><span class='ocrx_word' id='word_1_63' title='bbox 104 1173 237 1250; x_wconf 86' lang='lat' dir='ltr'>tempus</span> <span class='ocrx_word' id='word_1_64' title='bbox 259 1165 470 1249; x_wconf 82' lang='lat' dir='ltr'>praeteritum.</span> <span class='ocrx_word' id='word_1_65' title='bbox 478 1166 627 1232; x_wconf 86' lang='lat' dir='ltr'>refertur:</span> <span class='ocrx_word' id='word_1_66' title='bbox 650 1165 786 1230; x_wconf 77' lang='lat' dir='ltr'>adnatet</span> <span class='ocrx_word' id='word_1_67' title='bbox 806 1187 903 1230; x_wconf 79' lang='lat' dir='ltr'>corae</span> <span class='ocrx_word' id='word_1_68' title='bbox 923 1165 1055 1251; x_wconf 63' lang='lat' dir='ltr'>llltssffssl</span> <span class='ocrx_word' id='word_1_69' title='bbox 1076 1167 1218 1252; x_wconf 75' lang='lat' dir='ltr'>dymawt</span> <span class='ocrx_word' id='word_1_70' title='bbox 1239 1164 1451 1252; x_wconf 82' lang='lat' dir='ltr'>(cognoscere</span> <span class='ocrx_word' id='word_1_71' title='bbox 1473 1167 1580 1253; x_wconf 90' lang='lat' dir='ltr'>coepit</span> 
     </span>
     <span class='ocr_line' id='line_1_8' title="bbox 105 1265 1584 1354; baseline 0.005 -26"><span class='ocrx_word' id='word_1_72' title='bbox 105 1287 142 1329; x_wconf 89' lang='lat' dir='ltr'>se</span> <span class='ocrx_word' id='word_1_73' title='bbox 166 1265 334 1350; x_wconf 82' lang='lat' dir='ltr'>accepisse</span> <span class='ocrx_word' id='word_1_74' title='bbox 358 1268 501 1353; x_wconf 85' lang='lat' dir='ltr'>plagam)</span> <span class='ocrx_word' id='word_1_75' title='bbox 523 1268 725 1349; x_wconf 83' lang='grc' dir='ltr'><strong>Μ11).1,13.</strong></span> <span class='ocrx_word' id='word_1_76' title='bbox 762 1267 876 1354; x_wconf 75' lang='lat' dir='ltr'>tybypc</span> <span class='ocrx_word' id='word_1_77' title='bbox 896 1267 991 1350; x_wconf 66' lang='lat' dir='ltr'>optas</span> <span class='ocrx_word' id='word_1_78' title='bbox 1011 1266 1059 1330; x_wconf 81' lang='lat' dir='ltr'>lei</span> <span class='ocrx_word' id='word_1_79' title='bbox 1079 1267 1225 1351; x_wconf 87' lang='lat' dir='ltr'>(credere</span> <span class='ocrx_word' id='word_1_80' title='bbox 1247 1275 1427 1352; x_wconf 84' lang='lat' dir='ltr'>coeperunt,</span> <span class='ocrx_word' id='word_1_81' title='bbox 1451 1290 1584 1334; x_wconf 85' lang='lat' dir='ltr'>caesum</span> 
     </span>
     <span class='ocr_line' id='line_1_9' title="bbox 106 1364 1578 1456; baseline 0.003 -26"><span class='ocrx_word' id='word_1_82' title='bbox 106 1387 183 1430; x_wconf 89' lang='lat' dir='ltr'>esse</span> <span class='ocrx_word' id='word_1_83' title='bbox 207 1364 336 1451; x_wconf 86' lang='lat' dir='ltr'>Caium)</span> <span class='ocrx_word' id='word_1_84' title='bbox 372 1372 398 1450; x_wconf 89' lang='lat' dir='ltr'>l,</span> <span class='ocrx_word' id='word_1_85' title='bbox 421 1371 492 1435; x_wconf 85' lang='grc'><strong>258.</strong></span> <span class='ocrx_word' id='word_1_86' title='bbox 525 1373 632 1456; x_wconf 75' lang='lat' dir='ltr'>pwedp</span> <span class='ocrx_word' id='word_1_87' title='bbox 653 1369 751 1455; x_wconf 78' lang='lat' dir='ltr'>olybot</span> <span class='ocrx_word' id='word_1_88' title='bbox 772 1391 901 1454; x_wconf 68' lang='grc'><strong>1911111</strong></span> <span class='ocrx_word' id='word_1_89' title='bbox 930 1367 1116 1454; x_wconf 82' lang='lat' dir='ltr'>(postquam</span> <span class='ocrx_word' id='word_1_90' title='bbox 1144 1370 1233 1434; x_wconf 88' lang='lat' dir='ltr'>audit</span> <span class='ocrx_word' id='word_1_91' title='bbox 1254 1377 1410 1434; x_wconf 90' lang='lat' dir='ltr'>mortuum</span> <span class='ocrx_word' id='word_1_92' title='bbox 1432 1369 1520 1452; x_wconf 86' lang='lat' dir='ltr'>esse)</span> <span class='ocrx_word' id='word_1_93' title='bbox 1549 1372 1578 1450; x_wconf 87' lang='lat'>3,</span> 
     </span>
     <span class='ocr_line' id='line_1_10' title="bbox 104 1467 1574 1557; baseline 0.004 -27"><span class='ocrx_word' id='word_1_94' title='bbox 104 1469 180 1532; x_wconf 89' lang='grc'><strong>298.</strong></span> <span class='ocrx_word' id='word_1_95' title='bbox 232 1467 393 1548; x_wconf 76' lang='lat' dir='ltr'>Quoniam</span> <span class='ocrx_word' id='word_1_96' title='bbox 420 1470 597 1536; x_wconf 85' lang='lat' dir='ltr'>infinitivus</span> <span class='ocrx_word' id='word_1_97' title='bbox 624 1495 744 1538; x_wconf 89' lang='lat' dir='ltr'>merum</span> <span class='ocrx_word' id='word_1_98' title='bbox 772 1470 1006 1538; x_wconf 86' lang='lat' dir='ltr'>substantivum</span> <span class='ocrx_word' id='word_1_99' title='bbox 1034 1480 1098 1553; x_wconf 88' lang='lat' dir='ltr'>est,</span> <span class='ocrx_word' id='word_1_100' title='bbox 1127 1471 1237 1538; x_wconf 88' lang='lat' dir='ltr'>eadem</span> <span class='ocrx_word' id='word_1_101' title='bbox 1266 1470 1419 1557; x_wconf 89' lang='lat' dir='ltr'>loquendi</span> <span class='ocrx_word' id='word_1_102' title='bbox 1439 1469 1574 1538; x_wconf 88' lang='lat' dir='ltr'>formula</span> 
     </span>
     <span class='ocr_line' id='line_1_11' title="bbox 104 1563 1574 1660; baseline 0.003 -28"><span class='ocrx_word' id='word_1_103' title='bbox 104 1569 269 1634; x_wconf 88' lang='lat' dir='ltr'>invenitur</span> <span class='ocrx_word' id='word_1_104' title='bbox 295 1583 370 1658; x_wconf 92' lang='lat' dir='ltr'>post</span> <span class='ocrx_word' id='word_1_105' title='bbox 388 1575 495 1660; x_wconf 74' lang='lat' dir='ltr'>paedy</span> <span class='ocrx_word' id='word_1_106' title='bbox 521 1572 641 1658; x_wconf 87' lang='lat' dir='ltr'>(post),</span> <span class='ocrx_word' id='word_1_107' title='bbox 671 1575 804 1660; x_wconf 72' lang='lat' dir='ltr'>oderurpt</span> <span class='ocrx_word' id='word_1_108' title='bbox 830 1573 1015 1660; x_wconf 87' lang='lat' dir='ltr'>(postquam</span> <span class='ocrx_word' id='word_1_109' title='bbox 1041 1573 1161 1638; x_wconf 80' lang='lat' dir='ltr'>factum</span> <span class='ocrx_word' id='word_1_110' title='bbox 1185 1582 1248 1654; x_wconf 82' lang='lat' dir='ltr'>est3</span> <span class='ocrx_word' id='word_1_111' title='bbox 1271 1563 1348 1638; x_wconf 61' lang='grc'><strong>’1.1.</strong></span> <span class='ocrx_word' id='word_1_112' title='bbox 1374 1572 1574 1658; x_wconf 85' lang='lat' dir='ltr'>postquem):</span> 
     </span>
     <span class='ocr_line' id='line_1_12' title="bbox 102 1673 1577 1762; baseline 0.007 -31"><span class='ocrx_word' id='word_1_113' title='bbox 102 1673 214 1756; x_wconf 71' lang='lat' dir='ltr'>pveedp</span> <span class='ocrx_word' id='word_1_114' title='bbox 234 1685 365 1756; x_wconf 73' lang='lat' dir='ltr'>rpupnet</span> <span class='ocrx_word' id='word_1_115' title='bbox 383 1674 555 1760; x_wconf 72' lang='lat' dir='ltr'>peoylltt&#39;oeb</span> <span class='ocrx_word' id='word_1_116' title='bbox 575 1677 697 1760; x_wconf 79' lang='lat' dir='ltr'>yodaot</span> <span class='ocrx_word' id='word_1_117' title='bbox 718 1699 739 1740; x_wconf 86' lang='lat' dir='ltr'>a</span> <span class='ocrx_word' id='word_1_118' title='bbox 758 1675 873 1762; x_wconf 63' lang='lat' dir='ltr'>appelli</span> <span class='ocrx_word' id='word_1_119' title='bbox 892 1697 929 1739; x_wconf 82' lang='lat' dir='ltr'>eu</span> <span class='ocrx_word' id='word_1_120' title='bbox 943 1674 1023 1758; x_wconf 75' lang='lat' dir='ltr'>lepra</span> <span class='ocrx_word' id='word_1_121' title='bbox 1044 1673 1230 1760; x_wconf 73' lang='lat' dir='ltr'>(postquam</span> <span class='ocrx_word' id='word_1_122' title='bbox 1251 1675 1390 1742; x_wconf 76' lang='lat' dir='ltr'>redisset</span> <span class='ocrx_word' id='word_1_123' title='bbox 1402 1673 1513 1740; x_wconf 81' lang='lat' dir='ltr'>feritas</span> <span class='ocrx_word' id='word_1_124' title='bbox 1529 1675 1577 1741; x_wconf 87' lang='lat' dir='ltr'>eie</span> 
     </span>
     <span class='ocr_line' id='line_1_13' title="bbox 105 1774 1578 1864; baseline 0.003 -28"><span class='ocrx_word' id='word_1_125' title='bbox 105 1782 139 1836; x_wconf 92' lang='lat' dir='ltr'>et</span> <span class='ocrx_word' id='word_1_126' title='bbox 160 1774 347 1840; x_wconf 88' lang='lat' dir='ltr'>amisissent</span> <span class='ocrx_word' id='word_1_127' title='bbox 368 1797 490 1841; x_wconf 85' lang='lat' dir='ltr'>cornua</span> <span class='ocrx_word' id='word_1_128' title='bbox 510 1799 577 1860; x_wconf 85' lang='lat' dir='ltr'>sna,</span> <span class='ocrx_word' id='word_1_129' title='bbox 601 1777 753 1864; x_wconf 86' lang='lat' dir='ltr'>capreae)</span> <span class='ocrx_word' id='word_1_130' title='bbox 769 1776 857 1844; x_wconf 79' lang='lat' dir='ltr'>Mat.</span> <span class='ocrx_word' id='word_1_131' title='bbox 875 1781 902 1857; x_wconf 88' lang='lat'>1,</span> <span class='ocrx_word' id='word_1_132' title='bbox 920 1777 991 1840; x_wconf 92' lang='grc'><strong>236.</strong></span> <span class='ocrx_word' id='word_1_133' title='bbox 1019 1798 1063 1861; x_wconf 85' lang='lat' dir='ltr'>pc</span> <span class='ocrx_word' id='word_1_134' title='bbox 1082 1799 1149 1862; x_wconf 78' lang='lat' dir='ltr'>ryw</span> <span class='ocrx_word' id='word_1_135' title='bbox 1171 1777 1325 1848; x_wconf 75' lang='grc'><strong>1111111111,</strong></span> <span class='ocrx_word' id='word_1_136' title='bbox 1341 1779 1436 1861; x_wconf 76' lang='lat' dir='ltr'>peeyd</span> <span class='ocrx_word' id='word_1_137' title='bbox 1454 1789 1578 1863; x_wconf 70' lang='lat' dir='ltr'>panope.</span> 
     </span>
     <span class='ocr_line' id='line_1_14' title="bbox 107 1873 1576 1965; baseline 0.005 -29"><span class='ocrx_word' id='word_1_138' title='bbox 107 1873 178 1958; x_wconf 75' lang='lat' dir='ltr'>Nyt</span> <span class='ocrx_word' id='word_1_139' title='bbox 199 1897 246 1938; x_wconf 79' lang='lat' dir='ltr'>oea</span> <span class='ocrx_word' id='word_1_140' title='bbox 267 1899 383 1961; x_wconf 77' lang='lat' dir='ltr'>campa</span> <span class='ocrx_word' id='word_1_141' title='bbox 406 1877 454 1940; x_wconf 83' lang='lat' dir='ltr'>hot</span> <span class='ocrx_word' id='word_1_142' title='bbox 472 1901 494 1964; x_wconf 77' lang='lat' dir='ltr'><em>y</em></span> <span class='ocrx_word' id='word_1_143' title='bbox 514 1879 592 1944; x_wconf 82' lang='lat' dir='ltr'>c&#39;arll</span> <span class='ocrx_word' id='word_1_144' title='bbox 613 1902 650 1942; x_wconf 89' lang='lat' dir='ltr'>ae</span> <span class='ocrx_word' id='word_1_145' title='bbox 672 1879 736 1943; x_wconf 81' lang='lat' dir='ltr'>lmll</span> <span class='ocrx_word' id='word_1_146' title='bbox 756 1879 822 1944; x_wconf 80' lang='lat' dir='ltr'>clla</span> <span class='ocrx_word' id='word_1_147' title='bbox 842 1879 950 1965; x_wconf 75' lang='lat' dir='ltr'>pmedp</span> <span class='ocrx_word' id='word_1_148' title='bbox 970 1900 1009 1962; x_wconf 70' lang='lat' dir='ltr'>cp</span> <span class='ocrx_word' id='word_1_149' title='bbox 1030 1879 1182 1964; x_wconf 64' lang='lat' dir='ltr'>dmppnm</span> <span class='ocrx_word' id='word_1_150' title='bbox 1204 1879 1283 1942; x_wconf 71' lang='grc'><strong>111111</strong></span> <span class='ocrx_word' id='word_1_151' title='bbox 1302 1901 1323 1962; x_wconf 73' lang='lat' dir='ltr'><em>y</em></span> <span class='ocrx_word' id='word_1_152' title='bbox 1334 1877 1426 1962; x_wconf 77' lang='lat' dir='ltr'>portlt</span> <span class='ocrx_word' id='word_1_153' title='bbox 1448 1877 1576 1962; x_wconf 83' lang='lat' dir='ltr'>(quales</span> 
     </span>
     <span class='ocr_line' id='line_1_15' title="bbox 104 1977 1580 2066; baseline 0.003 -26"><span class='ocrx_word' id='word_1_154' title='bbox 104 1977 212 2041; x_wconf 86' lang='lat' dir='ltr'>nuntii</span> <span class='ocrx_word' id='word_1_155' title='bbox 241 1989 316 2043; x_wconf 87' lang='lat' dir='ltr'>sunt</span> <span class='ocrx_word' id='word_1_156' title='bbox 335 1980 464 2044; x_wconf 82' lang='lat' dir='ltr'>tecum?</span> <span class='ocrx_word' id='word_1_157' title='bbox 504 1981 579 2046; x_wconf 91' lang='lat' dir='ltr'>Non</span> <span class='ocrx_word' id='word_1_158' title='bbox 602 1991 653 2046; x_wconf 88' lang='lat' dir='ltr'>est</span> <span class='ocrx_word' id='word_1_159' title='bbox 675 1981 740 2046; x_wconf 86' lang='lat' dir='ltr'>nisi</span> <span class='ocrx_word' id='word_1_160' title='bbox 763 2001 836 2046; x_wconf 87' lang='lat' dir='ltr'>esse</span> <span class='ocrx_word' id='word_1_161' title='bbox 858 1980 1006 2046; x_wconf 89' lang='lat' dir='ltr'>comitem</span> <span class='ocrx_word' id='word_1_162' title='bbox 1035 1980 1168 2066; x_wconf 88' lang='lat' dir='ltr'>eiusque</span> <span class='ocrx_word' id='word_1_163' title='bbox 1189 1989 1289 2045; x_wconf 82' lang='lat' dir='ltr'>totam</span> <span class='ocrx_word' id='word_1_164' title='bbox 1311 1987 1503 2065; x_wconf 81' lang='lat' dir='ltr'>potestatem</span> <span class='ocrx_word' id='word_1_165' title='bbox 1525 1979 1580 2044; x_wconf 90' lang='lat' dir='ltr'>de·</span> 
     </span>
     <span class='ocr_line' id='line_1_16' title="bbox 104 2079 1655 2170; baseline 0.003 -28"><span class='ocrx_word' id='word_1_166' title='bbox 104 2099 238 2164; x_wconf 81' lang='lat' dir='ltr'>gressos</span> <span class='ocrx_word' id='word_1_167' title='bbox 261 2079 302 2143; x_wconf 87' lang='lat' dir='ltr'>ed</span> <span class='ocrx_word' id='word_1_168' title='bbox 324 2081 463 2166; x_wconf 82' lang='lat' dir='ltr'>portam)</span> <span class='ocrx_word' id='word_1_169' title='bbox 489 2085 515 2162; x_wconf 90' lang='lat'>1,</span> <span class='ocrx_word' id='word_1_170' title='bbox 532 2083 603 2147; x_wconf 84' lang='grc'><strong>253.</strong></span> <span class='ocrx_word' id='word_1_171' title='bbox 640 2084 748 2170; x_wconf 71' lang='lat' dir='ltr'>pwedy</span> <span class='ocrx_word' id='word_1_172' title='bbox 769 2103 900 2168; x_wconf 71' lang='lat' dir='ltr'>rppyecu</span> <span class='ocrx_word' id='word_1_173' title='bbox 922 2082 1047 2146; x_wconf 75' lang='lat' dir='ltr'>ohonaw</span> <span class='ocrx_word' id='word_1_174' title='bbox 1070 2083 1255 2168; x_wconf 87' lang='lat' dir='ltr'>(postquam</span> <span class='ocrx_word' id='word_1_175' title='bbox 1278 2079 1447 2146; x_wconf 85' lang='lat' dir='ltr'>dormitum</span> <span class='ocrx_word' id='word_1_176' title='bbox 1470 2089 1520 2145; x_wconf 88' lang='lat' dir='ltr'>est</span> <span class='ocrx_word' id='word_1_177' title='bbox 1541 2083 1581 2147; x_wconf 86' lang='lat' dir='ltr'>ab</span> <span class='ocrx_word' id='word_1_178' title='bbox 1652 2110 1655 2116; x_wconf 95' lang='lat'>·</span> 
     </span>
     <span class='ocr_line' id='line_1_17' title="bbox 107 2179 1581 2270; baseline 0.003 -26"><span class='ocrx_word' id='word_1_179' title='bbox 107 2179 165 2263; x_wconf 92' lang='lat' dir='ltr'>eo)</span> <span class='ocrx_word' id='word_1_180' title='bbox 190 2181 219 2260; x_wconf 90' lang='grc'>2,</span> <span class='ocrx_word' id='word_1_181' title='bbox 237 2181 308 2246; x_wconf 87' lang='grc'><strong>392.</strong></span> <span class='ocrx_word' id='word_1_182' title='bbox 336 2183 443 2266; x_wconf 67' lang='lat' dir='ltr'>poedy</span> <span class='ocrx_word' id='word_1_183' title='bbox 462 2205 572 2269; x_wconf 68' lang='lat' dir='ltr'>oppam</span> <span class='ocrx_word' id='word_1_184' title='bbox 594 2207 629 2248; x_wconf 80' lang='lat' dir='ltr'>or</span> <span class='ocrx_word' id='word_1_185' title='bbox 653 2185 807 2270; x_wconf 76' lang='lat' dir='ltr'>pwartlrec</span> <span class='ocrx_word' id='word_1_186' title='bbox 829 2205 865 2247; x_wconf 80' lang='lat' dir='ltr'>eu</span> <span class='ocrx_word' id='word_1_187' title='bbox 888 2181 953 2246; x_wconf 74' lang='grc'><strong>11111</strong></span> <span class='ocrx_word' id='word_1_188' title='bbox 974 2182 1159 2269; x_wconf 88' lang='lat' dir='ltr'>(postquam</span> <span class='ocrx_word' id='word_1_189' title='bbox 1181 2182 1300 2248; x_wconf 91' lang='lat' dir='ltr'>comesi</span> <span class='ocrx_word' id='word_1_190' title='bbox 1323 2191 1398 2248; x_wconf 87' lang='lat' dir='ltr'>sunt</span> <span class='ocrx_word' id='word_1_191' title='bbox 1424 2206 1444 2246; x_wconf 87' lang='lat' dir='ltr'>a</span> <span class='ocrx_word' id='word_1_192' title='bbox 1465 2203 1581 2269; x_wconf 89' lang='lat' dir='ltr'>pecore</span> 
     </span>
     <span class='ocr_line' id='line_1_18' title="bbox 103 2282 1580 2372; baseline 0.003 -27"><span class='ocrx_word' id='word_1_193' title='bbox 103 2282 271 2367; x_wconf 76' lang='lat' dir='ltr'>palmites)</span> <span class='ocrx_word' id='word_1_194' title='bbox 287 2285 317 2364; x_wconf 90' lang='grc'>2,</span> <span class='ocrx_word' id='word_1_195' title='bbox 340 2285 411 2348; x_wconf 80' lang='grc'><strong>373.</strong></span> <span class='ocrx_word' id='word_1_196' title='bbox 440 2285 561 2349; x_wconf 77' lang='grc'><strong>11111111</strong></span> <span class='ocrx_word' id='word_1_197' title='bbox 580 2288 611 2349; x_wconf 81' lang='lat' dir='ltr'>ir</span> <span class='ocrx_word' id='word_1_198' title='bbox 627 2287 806 2371; x_wconf 71' lang='lat' dir='ltr'>amdifmcr</span> <span class='ocrx_word' id='word_1_199' title='bbox 826 2285 945 2349; x_wconf 81' lang='lat' dir='ltr'>readac</span> <span class='ocrx_word' id='word_1_200' title='bbox 968 2289 1074 2349; x_wconf 83' lang='lat' dir='ltr'>teotiou</span> <span class='ocrx_word' id='word_1_201' title='bbox 1097 2284 1280 2372; x_wconf 83' lang='lat' dir='ltr'>(postquam</span> <span class='ocrx_word' id='word_1_202' title='bbox 1301 2283 1386 2349; x_wconf 83' lang='lat' dir='ltr'>facta</span> <span class='ocrx_word' id='word_1_203' title='bbox 1400 2293 1451 2350; x_wconf 86' lang='lat' dir='ltr'>est</span> <span class='ocrx_word' id='word_1_204' title='bbox 1472 2284 1580 2350; x_wconf 80' lang='lat' dir='ltr'>delen-</span> 
     </span>
     <span class='ocr_line' id='line_1_19' title="bbox 104 2385 1581 2472; baseline 0.002 -24"><span class='ocrx_word' id='word_1_205' title='bbox 104 2385 173 2448; x_wconf 90' lang='lat' dir='ltr'>sori</span> <span class='ocrx_word' id='word_1_206' title='bbox 200 2385 371 2470; x_wconf 87' lang='lat' dir='ltr'>promissio</span> <span class='ocrx_word' id='word_1_207' title='bbox 393 2387 538 2468; x_wconf 87' lang='lat' dir='ltr'>testium,</span> <span class='ocrx_word' id='word_1_208' title='bbox 567 2396 737 2472; x_wconf 81' lang='lat' dir='ltr'>postquam</span> <span class='ocrx_word' id='word_1_209' title='bbox 766 2386 914 2471; x_wconf 90' lang='lat' dir='ltr'>promisit</span> <span class='ocrx_word' id='word_1_210' title='bbox 935 2386 1049 2470; x_wconf 87' lang='lat' dir='ltr'>testes)</span> <span class='ocrx_word' id='word_1_211' title='bbox 1077 2386 1206 2472; x_wconf 46' lang='grc'><strong>11112,</strong></span> <span class='ocrx_word' id='word_1_212' title='bbox 1230 2387 1345 2468; x_wconf 84' lang='grc'><strong>11,25.</strong></span> <span class='ocrx_word' id='word_1_213' title='bbox 1394 2385 1516 2451; x_wconf 82' lang='lat' dir='ltr'>Eadem</span> <span class='ocrx_word' id='word_1_214' title='bbox 1547 2397 1581 2452; x_wconf 91' lang='lat' dir='ltr'>ut</span> 
     </span>
     <span class='ocr_line' id='line_1_20' title="bbox 104 2487 1582 2574; baseline 0.003 -25"><span class='ocrx_word' id='word_1_215' title='bbox 104 2487 303 2573; x_wconf 80' lang='lat' dir='ltr'>praepositio</span> <span class='ocrx_word' id='word_1_216' title='bbox 325 2488 491 2574; x_wconf 84' lang='lat' dir='ltr'>praecedit</span> <span class='ocrx_word' id='word_1_217' title='bbox 511 2487 690 2572; x_wconf 90' lang='lat' dir='ltr'>pronomini</span> <span class='ocrx_word' id='word_1_218' title='bbox 717 2489 917 2573; x_wconf 81' lang='lat' dir='ltr'>possessivo:</span> <span class='ocrx_word' id='word_1_219' title='bbox 955 2499 1053 2552; x_wconf 78' lang='lat' dir='ltr'>ateste</span> <span class='ocrx_word' id='word_1_220' title='bbox 1081 2488 1188 2552; x_wconf 72' lang='lat' dir='ltr'>velunt</span> <span class='ocrx_word' id='word_1_221' title='bbox 1208 2487 1270 2573; x_wconf 78' lang='lat' dir='ltr'>toy</span> <span class='ocrx_word' id='word_1_222' title='bbox 1291 2509 1340 2550; x_wconf 81' lang='lat' dir='ltr'>ere</span> <span class='ocrx_word' id='word_1_223' title='bbox 1360 2487 1465 2571; x_wconf 83' lang='lat' dir='ltr'>lasael</span> <span class='ocrx_word' id='word_1_224' title='bbox 1483 2488 1524 2572; x_wconf 74' lang='lat' dir='ltr'>lep</span> <span class='ocrx_word' id='word_1_225' title='bbox 1545 2509 1582 2554; x_wconf 80' lang='lat' dir='ltr'>ea</span> 
     </span>
     <span class='ocr_line' id='line_1_21' title="bbox 103 2588 1581 2674; baseline 0.005 -26"><span class='ocrx_word' id='word_1_226' title='bbox 103 2589 251 2673; x_wconf 72' lang='lat' dir='ltr'>llepredic</span> <span class='ocrx_word' id='word_1_227' title='bbox 281 2590 519 2673; x_wconf 84' lang='lat' dir='ltr'>(attestaretur</span> <span class='ocrx_word' id='word_1_228' title='bbox 547 2589 588 2655; x_wconf 90' lang='lat' dir='ltr'>iis</span> <span class='ocrx_word' id='word_1_229' title='bbox 618 2611 708 2655; x_wconf 88' lang='lat' dir='ltr'>suam</span> <span class='ocrx_word' id='word_1_230' title='bbox 728 2588 962 2669; x_wconf 81' lang='lat' dir='ltr'>inventionem,</span> <span class='ocrx_word' id='word_1_231' title='bbox 993 2589 1013 2652; x_wconf 91' lang='lat' dir='ltr'>i.</span> <span class='ocrx_word' id='word_1_232' title='bbox 1036 2611 1062 2654; x_wconf 95' lang='lat' dir='ltr'>e.</span> <span class='ocrx_word' id='word_1_233' title='bbox 1086 2611 1121 2654; x_wconf 88' lang='lat' dir='ltr'>se</span> <span class='ocrx_word' id='word_1_234' title='bbox 1141 2589 1306 2654; x_wconf 86' lang='lat' dir='ltr'>invenisse</span> <span class='ocrx_word' id='word_1_235' title='bbox 1335 2611 1404 2654; x_wconf 86' lang='lat' dir='ltr'>eam</span> <span class='ocrx_word' id='word_1_236' title='bbox 1423 2589 1581 2674; x_wconf 84' lang='lat' dir='ltr'>vitiatam)</span> 
     </span>
     <span class='ocr_line' id='line_1_22' title="bbox 106 2691 1583 2778; baseline 0.005 -27"><span class='ocrx_word' id='word_1_237' title='bbox 106 2691 310 2774; x_wconf 73' lang='lat' dir='ltr'>...allephet</span> <span class='ocrx_word' id='word_1_238' title='bbox 332 2691 372 2775; x_wconf 75' lang='lat' dir='ltr'>lep</span> <span class='ocrx_word' id='word_1_239' title='bbox 394 2712 585 2775; x_wconf 69' lang='lat' dir='ltr'>ereemrepo</span> <span class='ocrx_word' id='word_1_240' title='bbox 607 2691 739 2776; x_wconf 64' lang='lat' dir='ltr'>arpalo</span> <span class='ocrx_word' id='word_1_241' title='bbox 761 2691 861 2754; x_wconf 77' lang='grc'><strong>1111111</strong></span> <span class='ocrx_word' id='word_1_242' title='bbox 883 2696 931 2774; x_wconf 86' lang='grc'>(11</span> <span class='ocrx_word' id='word_1_243' title='bbox 945 2691 1028 2756; x_wconf 91' lang='lat' dir='ltr'>iuret</span> <span class='ocrx_word' id='word_1_244' title='bbox 1049 2692 1122 2776; x_wconf 85' lang='lat' dir='ltr'>ipsa</span> <span class='ocrx_word' id='word_1_245' title='bbox 1144 2713 1232 2758; x_wconf 86' lang='lat' dir='ltr'>suem</span> <span class='ocrx_word' id='word_1_246' title='bbox 1248 2693 1488 2778; x_wconf 86' lang='lat' dir='ltr'>stuprationem,</span> <span class='ocrx_word' id='word_1_247' title='bbox 1511 2715 1583 2758; x_wconf 88' lang='lat' dir='ltr'>eum</span> 
     </span>
     <span class='ocr_line' id='line_1_23' title="bbox 103 2791 1582 2883; baseline 0.003 -27"><span class='ocrx_word' id='word_1_248' title='bbox 103 2813 142 2856; x_wconf 89' lang='lat' dir='ltr'>se</span> <span class='ocrx_word' id='word_1_249' title='bbox 167 2802 334 2877; x_wconf 82' lang='lat' dir='ltr'>stuprasse</span> <span class='ocrx_word' id='word_1_250' title='bbox 356 2793 419 2858; x_wconf 88' lang='lat' dir='ltr'>iste</span> <span class='ocrx_word' id='word_1_251' title='bbox 442 2791 541 2878; x_wconf 90' lang='lat' dir='ltr'>pene)</span> <span class='ocrx_word' id='word_1_252' title='bbox 563 2791 641 2877; x_wconf 84' lang='lat' dir='ltr'>Leg.</span> <span class='ocrx_word' id='word_1_253' title='bbox 658 2793 687 2872; x_wconf 90' lang='grc'>2,</span> <span class='ocrx_word' id='word_1_254' title='bbox 706 2795 733 2872; x_wconf 92' lang='lat' dir='ltr'>l,</span> <span class='ocrx_word' id='word_1_255' title='bbox 750 2793 801 2854; x_wconf 82' lang='grc'>21.</span> <span class='ocrx_word' id='word_1_256' title='bbox 818 2792 868 2856; x_wconf 89' lang='grc'><strong>36.</strong></span> <span class='ocrx_word' id='word_1_257' title='bbox 894 2791 1086 2878; x_wconf 71' lang='grc' dir='ltr'><strong>9111111ρή11</strong></span> <span class='ocrx_word' id='word_1_258' title='bbox 1106 2803 1192 2856; x_wconf 70' lang='lat' dir='ltr'>cnm</span> <span class='ocrx_word' id='word_1_259' title='bbox 1215 2817 1320 2858; x_wconf 79' lang='lat' dir='ltr'>crocu</span> <span class='ocrx_word' id='word_1_260' title='bbox 1342 2798 1503 2883; x_wconf 73' lang='grc'><strong>1111191111</strong></span> <span class='ocrx_word' id='word_1_261' title='bbox 1525 2819 1582 2860; x_wconf 80' lang='lat' dir='ltr'>co-</span> 
     </span>
     <span class='ocr_line' id='line_1_24' title="bbox 102 2892 1579 2981; baseline 0.006 -27"><span class='ocrx_word' id='word_1_262' title='bbox 102 2893 193 2956; x_wconf 81' lang='lat' dir='ltr'>udon</span> <span class='ocrx_word' id='word_1_263' title='bbox 215 2893 425 2976; x_wconf 85' lang='lat' dir='ltr'>(contraiuret</span> <span class='ocrx_word' id='word_1_264' title='bbox 445 2895 516 2980; x_wconf 88' lang='lat' dir='ltr'>ipse</span> <span class='ocrx_word' id='word_1_265' title='bbox 540 2905 650 2959; x_wconf 87' lang='lat' dir='ltr'>contra</span> <span class='ocrx_word' id='word_1_266' title='bbox 672 2916 743 2960; x_wconf 87' lang='lat' dir='ltr'>eum</span> <span class='ocrx_word' id='word_1_267' title='bbox 765 2893 835 2958; x_wconf 90' lang='lat' dir='ltr'>eius</span> <span class='ocrx_word' id='word_1_268' title='bbox 856 2892 1046 2958; x_wconf 80' lang='lat' dir='ltr'>iurationem</span> <span class='ocrx_word' id='word_1_269' title='bbox 1073 2894 1220 2981; x_wconf 91' lang='lat' dir='ltr'>periurii,</span> <span class='ocrx_word' id='word_1_270' title='bbox 1249 2896 1269 2960; x_wconf 92' lang='lat' dir='ltr'>i.</span> <span class='ocrx_word' id='word_1_271' title='bbox 1293 2919 1321 2961; x_wconf 89' lang='lat' dir='ltr'>e.</span> <span class='ocrx_word' id='word_1_272' title='bbox 1350 2919 1421 2962; x_wconf 86' lang='lat' dir='ltr'>eum</span> <span class='ocrx_word' id='word_1_273' title='bbox 1453 2899 1579 2963; x_wconf 87' lang='lat' dir='ltr'>iurasse</span> 
     </span>
     <span class='ocr_line' id='line_1_25' title="bbox 104 2995 486 3079; baseline 0.005 -21"><span class='ocrx_word' id='word_1_274' title='bbox 104 2995 298 3079; x_wconf 86' lang='lat' dir='ltr'>periurium)</span> <span class='ocrx_word' id='word_1_275' title='bbox 322 2997 350 3074; x_wconf 89' lang='grc'>2,</span> <span class='ocrx_word' id='word_1_276' title='bbox 369 2999 419 3076; x_wconf 91' lang='grc'>11,</span> <span class='ocrx_word' id='word_1_277' title='bbox 435 2997 486 3060; x_wconf 88' lang='grc'>38.</span> 
     </span>
    </p>

    <p class='ocr_par' dir='ltr' id='par_1_4' title="bbox 104 3095 1584 3990">
     <span class='ocr_line' id='line_1_26' title="bbox 195 3095 1579 3187; baseline 0.002 -26"><span class='ocrx_word' id='word_1_278' title='bbox 195 3095 357 3162; x_wconf 85' lang='lat' dir='ltr'>Particula</span> <span class='ocrx_word' id='word_1_279' title='bbox 378 3121 416 3182; x_wconf 80' lang='lat' dir='ltr'>ry</span> <span class='ocrx_word' id='word_1_280' title='bbox 438 3097 559 3162; x_wconf 90' lang='lat' dir='ltr'>inillis</span> <span class='ocrx_word' id='word_1_281' title='bbox 582 3098 710 3183; x_wconf 88' lang='lat' dir='ltr'>quidem</span> <span class='ocrx_word' id='word_1_282' title='bbox 732 3097 823 3162; x_wconf 89' lang='lat' dir='ltr'>libris</span> <span class='ocrx_word' id='word_1_283' title='bbox 849 3120 975 3184; x_wconf 87' lang='lat' dir='ltr'>semper</span> <span class='ocrx_word' id='word_1_284' title='bbox 997 3097 1148 3164; x_wconf 77' lang='lat' dir='ltr'>adhaeret</span> <span class='ocrx_word' id='word_1_285' title='bbox 1169 3103 1267 3167; x_wconf 86' lang='lat' dir='ltr'>verbo</span> <span class='ocrx_word' id='word_1_286' title='bbox 1288 3101 1362 3187; x_wconf 89' lang='lat' dir='ltr'>ipsi,</span> <span class='ocrx_word' id='word_1_287' title='bbox 1386 3118 1485 3185; x_wconf 86' lang='lat' dir='ltr'>quare</span> <span class='ocrx_word' id='word_1_288' title='bbox 1507 3121 1579 3186; x_wconf 93' lang='lat' dir='ltr'>pro-</span> 
     </span>
     <span class='ocr_line' id='line_1_27' title="bbox 104 3198 1582 3288; baseline 0 -26"><span class='ocrx_word' id='word_1_289' title='bbox 104 3221 239 3280; x_wconf 89' lang='lat' dir='ltr'>nomen,</span> <span class='ocrx_word' id='word_1_290' title='bbox 262 3198 290 3264; x_wconf 85' lang='lat' dir='ltr'>si</span> <span class='ocrx_word' id='word_1_291' title='bbox 307 3198 392 3284; x_wconf 93' lang='lat' dir='ltr'>quod</span> <span class='ocrx_word' id='word_1_292' title='bbox 407 3198 607 3284; x_wconf 82' lang='lat' dir='ltr'>infigendum</span> <span class='ocrx_word' id='word_1_293' title='bbox 623 3208 682 3280; x_wconf 76' lang='lat' dir='ltr'>est,</span> <span class='ocrx_word' id='word_1_294' title='bbox 707 3199 870 3281; x_wconf 89' lang='lat' dir='ltr'>praecedit</span> <span class='ocrx_word' id='word_1_295' title='bbox 892 3222 962 3264; x_wconf 87' lang='lat' dir='ltr'>cum</span> <span class='ocrx_word' id='word_1_296' title='bbox 978 3201 1146 3286; x_wconf 81' lang='lat' dir='ltr'>particulis</span> <span class='ocrx_word' id='word_1_297' title='bbox 1169 3202 1241 3269; x_wconf 81' lang='lat' dir='ltr'>aliis</span> <span class='ocrx_word' id='word_1_298' title='bbox 1261 3226 1292 3288; x_wconf 77' lang='lat' dir='ltr'>p,</span> <span class='ocrx_word' id='word_1_299' title='bbox 1309 3225 1340 3284; x_wconf 82' lang='lat' dir='ltr'>a,</span> <span class='ocrx_word' id='word_1_300' title='bbox 1354 3224 1410 3286; x_wconf 78' lang='lat' dir='ltr'>ny:</span> <span class='ocrx_word' id='word_1_301' title='bbox 1433 3223 1484 3264; x_wconf 84' lang='lat' dir='ltr'>cm</span> <span class='ocrx_word' id='word_1_302' title='bbox 1498 3223 1582 3284; x_wconf 78' lang='lat' dir='ltr'>epm·</span> 
     </span>
     <span class='ocr_line' id='line_1_28' title="bbox 108 3299 1584 3390; baseline 0.002 -28"><span class='ocrx_word' id='word_1_303' title='bbox 108 3302 228 3384; x_wconf 57' lang='lat' dir='ltr'>putatet</span> <span class='ocrx_word' id='word_1_304' title='bbox 246 3323 299 3384; x_wconf 76' lang='lat' dir='ltr'>pm</span> <span class='ocrx_word' id='word_1_305' title='bbox 313 3301 484 3386; x_wconf 68' lang='lat' dir='ltr'>rplppmope</span> <span class='ocrx_word' id='word_1_306' title='bbox 505 3300 673 3385; x_wconf 68' lang='lat' dir='ltr'>rrpmlrrawt</span> <span class='ocrx_word' id='word_1_307' title='bbox 694 3299 840 3385; x_wconf 86' lang='lat' dir='ltr'>(propter</span> <span class='ocrx_word' id='word_1_308' title='bbox 861 3303 1101 3386; x_wconf 81' lang='lat' dir='ltr'>possessionem</span> <span class='ocrx_word' id='word_1_309' title='bbox 1116 3327 1216 3368; x_wconf 87' lang='lat' dir='ltr'>meam</span> <span class='ocrx_word' id='word_1_310' title='bbox 1238 3325 1290 3368; x_wconf 92' lang='lat' dir='ltr'>me</span> <span class='ocrx_word' id='word_1_311' title='bbox 1305 3302 1467 3388; x_wconf 88' lang='lat' dir='ltr'>oppressit</span> <span class='ocrx_word' id='word_1_312' title='bbox 1486 3301 1584 3390; x_wconf 82' lang='lat' dir='ltr'>frater</span> 
     </span>
     <span class='ocr_line' id='line_1_29' title="bbox 106 3401 1582 3488; baseline 0 -24"><span class='ocrx_word' id='word_1_313' title='bbox 106 3401 220 3485; x_wconf 89' lang='lat' dir='ltr'>meus)</span> <span class='ocrx_word' id='word_1_314' title='bbox 242 3401 329 3467; x_wconf 88' lang='lat' dir='ltr'>Mab.</span> <span class='ocrx_word' id='word_1_315' title='bbox 347 3403 375 3484; x_wconf 96' lang='grc'>2,</span> <span class='ocrx_word' id='word_1_316' title='bbox 392 3405 463 3466; x_wconf 85' lang='grc'><strong>215.</strong></span> <span class='ocrx_word' id='word_1_317' title='bbox 495 3401 599 3466; x_wconf 78' lang='lat' dir='ltr'>llaoe·</span> <span class='ocrx_word' id='word_1_318' title='bbox 621 3403 684 3487; x_wconf 70' lang='lat' dir='ltr'>dyc</span> <span class='ocrx_word' id='word_1_319' title='bbox 703 3402 758 3486; x_wconf 70' lang='lat' dir='ltr'>yet</span> <span class='ocrx_word' id='word_1_320' title='bbox 778 3405 912 3488; x_wconf 78' lang='lat' dir='ltr'>rypereie</span> <span class='ocrx_word' id='word_1_321' title='bbox 934 3402 1067 3487; x_wconf 88' lang='lat' dir='ltr'>(multos</span> <span class='ocrx_word' id='word_1_322' title='bbox 1090 3405 1158 3470; x_wconf 87' lang='lat' dir='ltr'>dies</span> <span class='ocrx_word' id='word_1_323' title='bbox 1181 3413 1212 3470; x_wconf 91' lang='lat' dir='ltr'>te</span> <span class='ocrx_word' id='word_1_324' title='bbox 1236 3403 1490 3486; x_wconf 78' lang='grc'><strong>1111111)2,218.</strong></span> <span class='ocrx_word' id='word_1_325' title='bbox 1518 3423 1582 3486; x_wconf 73' lang='lat' dir='ltr'>pop</span> 
     </span>
     <span class='ocr_line' id='line_1_30' title="bbox 105 3493 1583 3591; baseline 0.001 -25"><span class='ocrx_word' id='word_1_326' title='bbox 105 3503 187 3566; x_wconf 82' lang='lat' dir='ltr'>wlct</span> <span class='ocrx_word' id='word_1_327' title='bbox 208 3525 264 3586; x_wconf 79' lang='lat' dir='ltr'>opo</span> <span class='ocrx_word' id='word_1_328' title='bbox 285 3505 423 3588; x_wconf 79' lang='lat' dir='ltr'>ryeocleei</span> <span class='ocrx_word' id='word_1_329' title='bbox 443 3505 554 3588; x_wconf 77' lang='lat' dir='ltr'>eiryoet</span> <span class='ocrx_word' id='word_1_330' title='bbox 577 3503 626 3585; x_wconf 91' lang='lat' dir='ltr'>(in</span> <span class='ocrx_word' id='word_1_331' title='bbox 647 3493 848 3588; x_wconf 78' lang='lat' dir='ltr'>terraquam</span> <span class='ocrx_word' id='word_1_332' title='bbox 870 3527 1032 3591; x_wconf 83' lang='lat' dir='ltr'>nunquam</span> <span class='ocrx_word' id='word_1_333' title='bbox 1055 3506 1192 3591; x_wconf 85' lang='lat' dir='ltr'>viderat)</span> <span class='ocrx_word' id='word_1_334' title='bbox 1215 3507 1244 3588; x_wconf 89' lang='grc'>2,</span> <span class='ocrx_word' id='word_1_335' title='bbox 1261 3507 1332 3570; x_wconf 85' lang='grc'><strong>214.</strong></span> <span class='ocrx_word' id='word_1_336' title='bbox 1383 3503 1490 3568; x_wconf 87' lang='lat' dir='ltr'>Etiam</span> <span class='ocrx_word' id='word_1_337' title='bbox 1513 3503 1583 3568; x_wconf 85' lang='lat' dir='ltr'>sine</span> 
     </span>
     <span class='ocr_line' id='line_1_31' title="bbox 108 3604 1583 3694; baseline 0.001 -27"><span class='ocrx_word' id='word_1_338' title='bbox 108 3604 303 3689; x_wconf 90' lang='lat' dir='ltr'>pronomine</span> <span class='ocrx_word' id='word_1_339' title='bbox 327 3604 524 3690; x_wconf 84' lang='lat' dir='ltr'>praecedens</span> <span class='ocrx_word' id='word_1_340' title='bbox 547 3613 634 3668; x_wconf 86' lang='lat' dir='ltr'>extet</span> <span class='ocrx_word' id='word_1_341' title='bbox 654 3627 689 3668; x_wconf 84' lang='lat' dir='ltr'>a:</span> <span class='ocrx_word' id='word_1_342' title='bbox 723 3606 844 3669; x_wconf 79' lang='lat' dir='ltr'>amaett</span> <span class='ocrx_word' id='word_1_343' title='bbox 864 3631 886 3670; x_wconf 85' lang='lat' dir='ltr'>a</span> <span class='ocrx_word' id='word_1_344' title='bbox 906 3627 985 3690; x_wconf 70' lang='lat' dir='ltr'>rpco</span> <span class='ocrx_word' id='word_1_345' title='bbox 1006 3609 1129 3672; x_wconf 76' lang='grc'><strong>11111111</strong></span> <span class='ocrx_word' id='word_1_346' title='bbox 1148 3609 1233 3694; x_wconf 76' lang='lat' dir='ltr'>eeytlt</span> <span class='ocrx_word' id='word_1_347' title='bbox 1254 3608 1354 3671; x_wconf 78' lang='lat' dir='ltr'>eleuet</span> <span class='ocrx_word' id='word_1_348' title='bbox 1381 3605 1501 3689; x_wconf 86' lang='lat' dir='ltr'>(arator</span> <span class='ocrx_word' id='word_1_349' title='bbox 1529 3605 1583 3690; x_wconf 90' lang='lat' dir='ltr'>qui</span> 
     </span>
     <span class='ocr_line' id='line_1_32' title="bbox 110 3704 1580 3794; baseline 0.001 -26"><span class='ocrx_word' id='word_1_350' title='bbox 110 3705 209 3769; x_wconf 86' lang='lat' dir='ltr'>fuerit</span> <span class='ocrx_word' id='word_1_351' title='bbox 231 3715 338 3770; x_wconf 86' lang='lat' dir='ltr'>arator</span> <span class='ocrx_word' id='word_1_352' title='bbox 359 3714 481 3793; x_wconf 90' lang='lat' dir='ltr'>septem</span> <span class='ocrx_word' id='word_1_353' title='bbox 503 3704 621 3788; x_wconf 84' lang='lat' dir='ltr'>annos)</span> <span class='ocrx_word' id='word_1_354' title='bbox 642 3704 722 3790; x_wconf 80' lang='lat' dir='ltr'>Leg.</span> <span class='ocrx_word' id='word_1_355' title='bbox 740 3708 776 3784; x_wconf 90' lang='lat'>1‚.</span> <span class='ocrx_word' id='word_1_356' title='bbox 784 3707 813 3786; x_wconf 91' lang='grc'>2,</span> <span class='ocrx_word' id='word_1_357' title='bbox 831 3709 860 3772; x_wconf 91' lang='grc'><strong>3.</strong></span> <span class='ocrx_word' id='word_1_358' title='bbox 889 3730 935 3793; x_wconf 86' lang='lat' dir='ltr'>pa</span> <span class='ocrx_word' id='word_1_359' title='bbox 957 3731 1067 3794; x_wconf 70' lang='lat' dir='ltr'>emyco</span> <span class='ocrx_word' id='word_1_360' title='bbox 1087 3711 1183 3774; x_wconf 80' lang='lat' dir='ltr'>eedwl</span> <span class='ocrx_word' id='word_1_361' title='bbox 1200 3711 1294 3794; x_wconf 74' lang='lat' dir='ltr'>peepd</span> <span class='ocrx_word' id='word_1_362' title='bbox 1312 3709 1426 3794; x_wconf 74' lang='lat' dir='ltr'>podere</span> <span class='ocrx_word' id='word_1_363' title='bbox 1453 3707 1580 3788; x_wconf 79' lang='lat' dir='ltr'>esteoo</span> 
     </span>
     <span class='ocr_line' id='line_1_33' title="bbox 105 3806 1581 3895; baseline 0.002 -27"><span class='ocrx_word' id='word_1_364' title='bbox 105 3827 165 3870; x_wconf 84' lang='lat' dir='ltr'>noc</span> <span class='ocrx_word' id='word_1_365' title='bbox 187 3827 290 3892; x_wconf 78' lang='lat' dir='ltr'>arycc</span> <span class='ocrx_word' id='word_1_366' title='bbox 309 3807 510 3893; x_wconf 76' lang='lat' dir='ltr'>peblwyddpo</span> <span class='ocrx_word' id='word_1_367' title='bbox 530 3807 641 3891; x_wconf 74' lang='grc' dir='ltr'>ι11111</span> <span class='ocrx_word' id='word_1_368' title='bbox 664 3807 773 3891; x_wconf 84' lang='lat' dir='ltr'>(quam</span> <span class='ocrx_word' id='word_1_369' title='bbox 789 3806 853 3870; x_wconf 81' lang='lat' dir='ltr'>alie</span> <span class='ocrx_word' id='word_1_370' title='bbox 866 3829 957 3874; x_wconf 89' lang='lat' dir='ltr'>meus</span> <span class='ocrx_word' id='word_1_371' title='bbox 979 3809 1085 3875; x_wconf 88' lang='lat' dir='ltr'>estin</span> <span class='ocrx_word' id='word_1_372' title='bbox 1106 3811 1163 3876; x_wconf 92' lang='lat' dir='ltr'>illo</span> <span class='ocrx_word' id='word_1_373' title='bbox 1184 3810 1245 3876; x_wconf 84' lang='lat' dir='ltr'>hac</span> <span class='ocrx_word' id='word_1_374' title='bbox 1263 3817 1358 3874; x_wconf 91' lang='lat' dir='ltr'>nocte</span> <span class='ocrx_word' id='word_1_375' title='bbox 1381 3828 1581 3895; x_wconf 87' lang='lat' dir='ltr'>quem-quae</span> 
     </span>
     <span class='ocr_line' id='line_1_34' title="bbox 106 3905 908 3990; baseline 0.004 -18"><span class='ocrx_word' id='word_1_376' title='bbox 106 3907 216 3972; x_wconf 80' lang='lat' dir='ltr'>fuerat</span> <span class='ocrx_word' id='word_1_377' title='bbox 236 3931 321 3973; x_wconf 89' lang='lat' dir='ltr'>anno</span> <span class='ocrx_word' id='word_1_378' title='bbox 343 3919 416 3974; x_wconf 87' lang='lat' dir='ltr'>ante</span> <span class='ocrx_word' id='word_1_379' title='bbox 438 3907 522 3974; x_wconf 85' lang='lat' dir='ltr'>hanc</span> <span class='ocrx_word' id='word_1_380' title='bbox 544 3907 685 3990; x_wconf 89' lang='lat' dir='ltr'>noctem)</span> <span class='ocrx_word' id='word_1_381' title='bbox 706 3905 795 3973; x_wconf 86' lang='lat' dir='ltr'>Mab.</span> <span class='ocrx_word' id='word_1_382' title='bbox 812 3910 841 3989; x_wconf 89' lang='grc'><strong>3,</strong></span> <span class='ocrx_word' id='word_1_383' title='bbox 860 3911 908 3975; x_wconf 85' lang='grc'>14.</span> 
     </span>
    </p>

    <p class='ocr_par' dir='ltr' id='par_1_5' title="bbox 105 4007 1672 5218">
     <span class='ocr_line' id='line_1_35' title="bbox 195 4007 1582 4097; baseline -0.004 -21"><span class='ocrx_word' id='word_1_384' title='bbox 195 4007 329 4076; x_wconf 83' lang='lat' dir='ltr'>Servata</span> <span class='ocrx_word' id='word_1_385' title='bbox 357 4032 432 4095; x_wconf 84' lang='lat' dir='ltr'>ergo</span> <span class='ocrx_word' id='word_1_386' title='bbox 454 4007 615 4074; x_wconf 89' lang='lat' dir='ltr'>invenitur</span> <span class='ocrx_word' id='word_1_387' title='bbox 635 4007 670 4072; x_wconf 90' lang='lat' dir='ltr'>in</span> <span class='ocrx_word' id='word_1_388' title='bbox 691 4007 797 4090; x_wconf 89' lang='lat' dir='ltr'>libris,</span> <span class='ocrx_word' id='word_1_389' title='bbox 828 4032 908 4095; x_wconf 90' lang='lat' dir='ltr'>quos</span> <span class='ocrx_word' id='word_1_390' title='bbox 929 4013 1189 4094; x_wconf 80' lang='lat' dir='ltr'>memoravimus,</span> <span class='ocrx_word' id='word_1_391' title='bbox 1217 4020 1345 4078; x_wconf 85' lang='lat' dir='ltr'>vetusta</span> <span class='ocrx_word' id='word_1_392' title='bbox 1366 4007 1524 4097; x_wconf 87' lang='lat' dir='ltr'>particula</span> <span class='ocrx_word' id='word_1_393' title='bbox 1547 4019 1582 4071; x_wconf 91' lang='lat' dir='ltr'>ut</span> 
     </span>
     <span class='ocr_line' id='line_1_36' title="bbox 106 4109 1583 4200; baseline 0.001 -27"><span class='ocrx_word' id='word_1_394' title='bbox 106 4109 273 4195; x_wconf 88' lang='lat' dir='ltr'>praeteriti</span> <span class='ocrx_word' id='word_1_395' title='bbox 295 4111 407 4192; x_wconf 83' lang='lat' dir='ltr'>index,</span> <span class='ocrx_word' id='word_1_396' title='bbox 437 4111 472 4174; x_wconf 89' lang='lat' dir='ltr'>in</span> <span class='ocrx_word' id='word_1_397' title='bbox 493 4109 595 4176; x_wconf 91' lang='lat' dir='ltr'>isdem</span> <span class='ocrx_word' id='word_1_398' title='bbox 616 4117 723 4174; x_wconf 90' lang='lat' dir='ltr'>tamen</span> <span class='ocrx_word' id='word_1_399' title='bbox 749 4109 812 4174; x_wconf 84' lang='lat' dir='ltr'>iam</span> <span class='ocrx_word' id='word_1_400' title='bbox 834 4111 949 4178; x_wconf 88' lang='lat' dir='ltr'>cedere</span> <span class='ocrx_word' id='word_1_401' title='bbox 971 4114 1056 4178; x_wconf 90' lang='lat' dir='ltr'>solet</span> <span class='ocrx_word' id='word_1_402' title='bbox 1077 4115 1297 4182; x_wconf 88' lang='lat' dir='ltr'>communibus</span> <span class='ocrx_word' id='word_1_403' title='bbox 1319 4113 1484 4200; x_wconf 80' lang='lat' dir='ltr'>particulis</span> <span class='ocrx_word' id='word_1_404' title='bbox 1514 4133 1583 4178; x_wconf 86' lang='lat' dir='ltr'>ver-</span> 
     </span>
     <span class='ocr_line' id='line_1_37' title="bbox 109 4210 1582 4302; baseline 0 -26"><span class='ocrx_word' id='word_1_405' title='bbox 109 4210 240 4276; x_wconf 83' lang='lat' dir='ltr'>balibus</span> <span class='ocrx_word' id='word_1_406' title='bbox 260 4214 315 4296; x_wconf 76' lang='lat' dir='ltr'>pol,</span> <span class='ocrx_word' id='word_1_407' title='bbox 335 4235 357 4297; x_wconf 74' lang='lat' dir='ltr'><strong><em>y</em></strong></span> <span class='ocrx_word' id='word_1_408' title='bbox 378 4211 441 4296; x_wconf 81' lang='lat' dir='ltr'>(ed,</span> <span class='ocrx_word' id='word_1_409' title='bbox 464 4211 494 4296; x_wconf 88' lang='lat' dir='ltr'>e)</span> <span class='ocrx_word' id='word_1_410' title='bbox 517 4221 550 4274; x_wconf 94' lang='lat' dir='ltr'>et</span> <span class='ocrx_word' id='word_1_411' title='bbox 570 4235 605 4291; x_wconf 88' lang='lat' dir='ltr'>a,</span> <span class='ocrx_word' id='word_1_412' title='bbox 637 4232 717 4295; x_wconf 88' lang='lat' dir='ltr'>quae</span> <span class='ocrx_word' id='word_1_413' title='bbox 739 4213 859 4276; x_wconf 85' lang='lat' dir='ltr'>tamin</span> <span class='ocrx_word' id='word_1_414' title='bbox 882 4215 1053 4299; x_wconf 87' lang='lat' dir='ltr'>praeterito</span> <span class='ocrx_word' id='word_1_415' title='bbox 1077 4239 1168 4302; x_wconf 86' lang='lat' dir='ltr'>quem</span> <span class='ocrx_word' id='word_1_416' title='bbox 1192 4217 1225 4280; x_wconf 91' lang='lat' dir='ltr'>in</span> <span class='ocrx_word' id='word_1_417' title='bbox 1249 4216 1364 4280; x_wconf 88' lang='lat' dir='ltr'>ceteris</span> <span class='ocrx_word' id='word_1_418' title='bbox 1386 4214 1582 4298; x_wconf 87' lang='lat' dir='ltr'>temporibus</span> 
     </span>
     <span class='ocr_line' id='line_1_38' title="bbox 107 4311 1582 4399; baseline 0 -21"><span class='ocrx_word' id='word_1_419' title='bbox 107 4313 247 4378; x_wconf 85' lang='lat' dir='ltr'>usitatae</span> <span class='ocrx_word' id='word_1_420' title='bbox 270 4323 345 4382; x_wconf 84' lang='lat' dir='ltr'>sunt</span> <span class='ocrx_word' id='word_1_421' title='bbox 365 4313 513 4399; x_wconf 84' lang='lat' dir='ltr'>propriae</span> <span class='ocrx_word' id='word_1_422' title='bbox 536 4311 743 4378; x_wconf 87' lang='lat' dir='ltr'>dialectorum</span> <span class='ocrx_word' id='word_1_423' title='bbox 765 4313 1024 4396; x_wconf 83' lang='lat' dir='ltr'>britannicarum,</span> <span class='ocrx_word' id='word_1_424' title='bbox 1049 4340 1121 4398; x_wconf 90' lang='lat' dir='ltr'>cum</span> <span class='ocrx_word' id='word_1_425' title='bbox 1135 4341 1176 4384; x_wconf 85' lang='lat' dir='ltr'>ex</span> <span class='ocrx_word' id='word_1_426' title='bbox 1188 4317 1362 4382; x_wconf 90' lang='lat' dir='ltr'>hibernicis</span> <span class='ocrx_word' id='word_1_427' title='bbox 1384 4336 1425 4378; x_wconf 91' lang='lat' dir='ltr'>ne</span> <span class='ocrx_word' id='word_1_428' title='bbox 1447 4335 1487 4377; x_wconf 82' lang='lat' dir='ltr'>no</span> <span class='ocrx_word' id='word_1_429' title='bbox 1509 4313 1582 4398; x_wconf 88' lang='lat' dir='ltr'>qui·</span> 
     </span>
     <span class='ocr_line' id='line_1_39' title="bbox 109 4413 1584 4505; baseline 0 -26"><span class='ocrx_word' id='word_1_430' title='bbox 109 4414 184 4480; x_wconf 89' lang='lat' dir='ltr'>dem</span> <span class='ocrx_word' id='word_1_431' title='bbox 213 4415 255 4480; x_wconf 87' lang='lat' dir='ltr'>sit</span> <span class='ocrx_word' id='word_1_432' title='bbox 282 4413 419 4480; x_wconf 89' lang='lat' dir='ltr'>omnium</span> <span class='ocrx_word' id='word_1_433' title='bbox 445 4425 631 4500; x_wconf 86' lang='lat' dir='ltr'>temporum.</span> <span class='ocrx_word' id='word_1_434' title='bbox 686 4413 800 4500; x_wconf 90' lang='lat' dir='ltr'>Neque</span> <span class='ocrx_word' id='word_1_435' title='bbox 821 4424 927 4480; x_wconf 88' lang='lat' dir='ltr'>temen</span> <span class='ocrx_word' id='word_1_436' title='bbox 949 4417 1010 4482; x_wconf 86' lang='lat' dir='ltr'>hae</span> <span class='ocrx_word' id='word_1_437' title='bbox 1033 4419 1206 4505; x_wconf 80' lang='lat' dir='ltr'>particulae</span> <span class='ocrx_word' id='word_1_438' title='bbox 1234 4425 1428 4503; x_wconf 84' lang='lat' dir='ltr'>usurpantur</span> <span class='ocrx_word' id='word_1_439' title='bbox 1456 4415 1522 4480; x_wconf 90' lang='lat' dir='ltr'>nisi</span> <span class='ocrx_word' id='word_1_440' title='bbox 1550 4415 1584 4480; x_wconf 88' lang='lat' dir='ltr'>in</span> 
     </span>
     <span class='ocr_line' id='line_1_40' title="bbox 107 4515 1672 4604; baseline 0.001 -24"><span class='ocrx_word' id='word_1_441' title='bbox 107 4516 271 4582; x_wconf 83' lang='lat' dir='ltr'>sententia</span> <span class='ocrx_word' id='word_1_442' title='bbox 291 4515 494 4596; x_wconf 83' lang='lat' dir='ltr'>affirmativa,</span> <span class='ocrx_word' id='word_1_443' title='bbox 523 4523 618 4601; x_wconf 88' lang='lat' dir='ltr'>atque</span> <span class='ocrx_word' id='word_1_444' title='bbox 641 4538 679 4579; x_wconf 91' lang='lat' dir='ltr'>ea</span> <span class='ocrx_word' id='word_1_445' title='bbox 702 4516 897 4596; x_wconf 84' lang='lat' dir='ltr'>differentia,</span> <span class='ocrx_word' id='word_1_446' title='bbox 925 4527 961 4582; x_wconf 90' lang='lat' dir='ltr'>ut</span> <span class='ocrx_word' id='word_1_447' title='bbox 979 4521 1025 4604; x_wconf 75' lang='lat' dir='ltr'>pd</span> <span class='ocrx_word' id='word_1_448' title='bbox 1045 4520 1135 4604; x_wconf 82' lang='lat' dir='ltr'>(ante</span> <span class='ocrx_word' id='word_1_449' title='bbox 1156 4520 1304 4598; x_wconf 82' lang='lat' dir='ltr'>vocales,</span> <span class='ocrx_word' id='word_1_450' title='bbox 1332 4527 1450 4602; x_wconf 71' lang='lat' dir='ltr'>pente</span> <span class='ocrx_word' id='word_1_451' title='bbox 1473 4538 1586 4582; x_wconf 88' lang='lat' dir='ltr'>conso·</span> <span class='ocrx_word' id='word_1_452' title='bbox 1668 4547 1672 4557; x_wconf 92' lang='lat'>·</span> 
     </span>
     <span class='ocr_line' id='line_1_41' title="bbox 109 4616 1584 4704; baseline 0 -22"><span class='ocrx_word' id='word_1_453' title='bbox 109 4640 169 4684; x_wconf 83' lang='lat' dir='ltr'>nas</span> <span class='ocrx_word' id='word_1_454' title='bbox 194 4616 369 4683; x_wconf 80' lang='lat' dir='ltr'>servandas</span> <span class='ocrx_word' id='word_1_455' title='bbox 391 4617 425 4682; x_wconf 91' lang='lat' dir='ltr'>in</span> <span class='ocrx_word' id='word_1_456' title='bbox 448 4625 533 4682; x_wconf 88' lang='lat' dir='ltr'>statu</span> <span class='ocrx_word' id='word_1_457' title='bbox 553 4616 734 4702; x_wconf 83' lang='lat' dir='ltr'>primitivo)</span> <span class='ocrx_word' id='word_1_458' title='bbox 755 4619 929 4703; x_wconf 86' lang='lat' dir='ltr'>praecedat</span> <span class='ocrx_word' id='word_1_459' title='bbox 950 4629 1024 4685; x_wconf 85' lang='lat' dir='ltr'>ante</span> <span class='ocrx_word' id='word_1_460' title='bbox 1047 4621 1187 4702; x_wconf 86' lang='lat' dir='ltr'>verbum,</span> <span class='ocrx_word' id='word_1_461' title='bbox 1213 4622 1266 4687; x_wconf 92' lang='lat' dir='ltr'>ubi</span> <span class='ocrx_word' id='word_1_462' title='bbox 1288 4621 1358 4701; x_wconf 91' lang='lat' dir='ltr'>hoc,</span> <span class='ocrx_word' id='word_1_463' title='bbox 1383 4621 1409 4684; x_wconf 90' lang='lat' dir='ltr'>si</span> <span class='ocrx_word' id='word_1_464' title='bbox 1433 4642 1498 4685; x_wconf 89' lang='lat' dir='ltr'>non</span> <span class='ocrx_word' id='word_1_465' title='bbox 1520 4619 1584 4704; x_wconf 88' lang='lat' dir='ltr'>pri-</span> 
     </span>
     <span class='ocr_line' id='line_1_42' title="bbox 109 4718 1583 4808; baseline 0 -24"><span class='ocrx_word' id='word_1_466' title='bbox 109 4743 195 4784; x_wconf 87' lang='lat' dir='ltr'>mum</span> <span class='ocrx_word' id='word_1_467' title='bbox 216 4719 320 4784; x_wconf 88' lang='lat' dir='ltr'>locum</span> <span class='ocrx_word' id='word_1_468' title='bbox 344 4718 466 4786; x_wconf 87' lang='lat' dir='ltr'>obtinet</span> <span class='ocrx_word' id='word_1_469' title='bbox 487 4718 681 4800; x_wconf 85' lang='lat' dir='ltr'>sententiae,</span> <span class='ocrx_word' id='word_1_470' title='bbox 704 4728 738 4785; x_wconf 92' lang='lat' dir='ltr'>at</span> <span class='ocrx_word' id='word_1_471' title='bbox 759 4729 832 4788; x_wconf 87' lang='lat' dir='ltr'>ante</span> <span class='ocrx_word' id='word_1_472' title='bbox 855 4721 1033 4788; x_wconf 89' lang='lat' dir='ltr'>subiectum</span> <span class='ocrx_word' id='word_1_473' title='bbox 1055 4723 1195 4808; x_wconf 86' lang='lat' dir='ltr'>positum</span> <span class='ocrx_word' id='word_1_474' title='bbox 1217 4729 1282 4804; x_wconf 88' lang='lat' dir='ltr'>est,</span> <span class='ocrx_word' id='word_1_475' title='bbox 1307 4721 1433 4792; x_wconf 87' lang='lat' dir='ltr'>etiamsi</span> <span class='ocrx_word' id='word_1_476' title='bbox 1456 4729 1583 4785; x_wconf 89' lang='lat' dir='ltr'>senten-</span> 
     </span>
     <span class='ocr_line' id='line_1_43' title="bbox 107 4820 1584 4910; baseline 0 -24"><span class='ocrx_word' id='word_1_477' title='bbox 107 4822 186 4886; x_wconf 86' lang='lat' dir='ltr'>tiam</span> <span class='ocrx_word' id='word_1_478' title='bbox 208 4820 362 4889; x_wconf 86' lang='lat' dir='ltr'>inchoant</span> <span class='ocrx_word' id='word_1_479' title='bbox 383 4821 535 4888; x_wconf 84' lang='lat' dir='ltr'>adverbia</span> <span class='ocrx_word' id='word_1_480' title='bbox 556 4830 589 4886; x_wconf 92' lang='lat' dir='ltr'>et</span> <span class='ocrx_word' id='word_1_481' title='bbox 610 4821 854 4888; x_wconf 84' lang='lat' dir='ltr'>coniunctiones</span> <span class='ocrx_word' id='word_1_482' title='bbox 877 4823 1031 4909; x_wconf 82' lang='lat' dir='ltr'>quaedam</span> <span class='ocrx_word' id='word_1_483' title='bbox 1054 4824 1192 4908; x_wconf 77' lang='lat' dir='ltr'>(etmel,</span> <span class='ocrx_word' id='word_1_484' title='bbox 1213 4845 1278 4902; x_wconf 82' lang='lat' dir='ltr'>noc,</span> <span class='ocrx_word' id='word_1_485' title='bbox 1300 4823 1350 4904; x_wconf 84' lang='lat' dir='ltr'>lle,</span> <span class='ocrx_word' id='word_1_486' title='bbox 1371 4843 1474 4910; x_wconf 74' lang='lat' dir='ltr'>meqpe</span> <span class='ocrx_word' id='word_1_487' title='bbox 1497 4822 1584 4908; x_wconf 81' lang='lat' dir='ltr'>etc),</span> 
     </span>
     <span class='ocr_line' id='line_1_44' title="bbox 106 4922 1585 5012; baseline -0.001 -22"><span class='ocrx_word' id='word_1_488' title='bbox 106 4933 220 4990; x_wconf 83' lang='lat' dir='ltr'>contra</span> <span class='ocrx_word' id='word_1_489' title='bbox 241 4947 262 4987; x_wconf 91' lang='lat' dir='ltr'>c</span> <span class='ocrx_word' id='word_1_490' title='bbox 290 4922 487 5007; x_wconf 87' lang='lat' dir='ltr'>(destituens</span> <span class='ocrx_word' id='word_1_491' title='bbox 511 4945 670 4990; x_wconf 86' lang='lat' dir='ltr'>consonas</span> <span class='ocrx_word' id='word_1_492' title='bbox 694 4926 882 5010; x_wconf 85' lang='lat' dir='ltr'>sequentes)</span> <span class='ocrx_word' id='word_1_493' title='bbox 912 4935 985 4992; x_wconf 90' lang='lat' dir='ltr'>ante</span> <span class='ocrx_word' id='word_1_494' title='bbox 1010 4929 1140 4993; x_wconf 86' lang='lat' dir='ltr'>verbum</span> <span class='ocrx_word' id='word_1_495' title='bbox 1162 4925 1347 5012; x_wconf 84' lang='lat' dir='ltr'>praecedat,</span> <span class='ocrx_word' id='word_1_496' title='bbox 1377 4925 1433 4989; x_wconf 88' lang='lat' dir='ltr'>nbi</span> <span class='ocrx_word' id='word_1_497' title='bbox 1455 4924 1539 4988; x_wconf 91' lang='lat' dir='ltr'>idem</span> <span class='ocrx_word' id='word_1_498' title='bbox 1567 4947 1585 4990; x_wconf 92' lang='lat' dir='ltr'>e</span> 
     </span>
     <span class='ocr_line' id='line_1_45' title="bbox 108 5025 1586 5112; baseline 0.001 -22"><span class='ocrx_word' id='word_1_499' title='bbox 108 5025 273 5112; x_wconf 88' lang='lat' dir='ltr'>principio</span> <span class='ocrx_word' id='word_1_500' title='bbox 289 5025 467 5092; x_wconf 88' lang='lat' dir='ltr'>sententiae</span> <span class='ocrx_word' id='word_1_501' title='bbox 488 5025 625 5090; x_wconf 87' lang='lat' dir='ltr'>recessit</span> <span class='ocrx_word' id='word_1_502' title='bbox 647 5035 721 5110; x_wconf 88' lang='lat' dir='ltr'>post</span> <span class='ocrx_word' id='word_1_503' title='bbox 736 5027 912 5092; x_wconf 89' lang='lat' dir='ltr'>subiectum</span> <span class='ocrx_word' id='word_1_504' title='bbox 935 5028 988 5092; x_wconf 88' lang='lat' dir='ltr'>vel</span> <span class='ocrx_word' id='word_1_505' title='bbox 1003 5030 1171 5094; x_wconf 88' lang='lat' dir='ltr'>obiectum.</span> <span class='ocrx_word' id='word_1_506' title='bbox 1215 5027 1379 5093; x_wconf 86' lang='lat' dir='ltr'>Particule</span> <span class='ocrx_word' id='word_1_507' title='bbox 1400 5052 1420 5091; x_wconf 87' lang='lat' dir='ltr'>a</span> <span class='ocrx_word' id='word_1_508' title='bbox 1441 5037 1586 5092; x_wconf 85' lang='lat' dir='ltr'>naturam</span> 
     </span>
     <span class='ocr_line' id='line_1_46' title="bbox 105 5127 1585 5218; baseline 0.001 -27"><span class='ocrx_word' id='word_1_509' title='bbox 105 5127 274 5194; x_wconf 79' lang='lat' dir='ltr'>relativam</span> <span class='ocrx_word' id='word_1_510' title='bbox 296 5151 373 5215; x_wconf 85' lang='lat' dir='ltr'>prae</span> <span class='ocrx_word' id='word_1_511' title='bbox 395 5151 430 5194; x_wconf 88' lang='lat' dir='ltr'>se</span> <span class='ocrx_word' id='word_1_512' title='bbox 452 5129 529 5208; x_wconf 88' lang='lat' dir='ltr'>fert,</span> <span class='ocrx_word' id='word_1_513' title='bbox 552 5149 742 5213; x_wconf 88' lang='lat' dir='ltr'>quamquam</span> <span class='ocrx_word' id='word_1_514' title='bbox 764 5129 921 5194; x_wconf 90' lang='lat' dir='ltr'>interdum</span> <span class='ocrx_word' id='word_1_515' title='bbox 941 5153 980 5214; x_wconf 75' lang='lat' dir='ltr'>y,</span> <span class='ocrx_word' id='word_1_516' title='bbox 1004 5133 1048 5216; x_wconf 71' lang='lat' dir='ltr'>yd</span> <span class='ocrx_word' id='word_1_517' title='bbox 1079 5155 1203 5218; x_wconf 90' lang='lat' dir='ltr'>quoque</span> <span class='ocrx_word' id='word_1_518' title='bbox 1225 5129 1360 5196; x_wconf 87' lang='lat' dir='ltr'>relativa</span> <span class='ocrx_word' id='word_1_519' title='bbox 1380 5129 1507 5194; x_wconf 82' lang='lat' dir='ltr'>videtur</span> <span class='ocrx_word' id='word_1_520' title='bbox 1529 5129 1585 5214; x_wconf 82' lang='lat' dir='ltr'>(cf.</span> 
     </span>
    </p>

    <p class='ocr_par' dir='ltr' id='par_1_6' title="bbox 107 5227 1668 5414">
     <span class='ocr_line' id='line_1_47' title="bbox 107 5227 1668 5321; baseline -0.001 -27"><span class='ocrx_word' id='word_1_521' title='bbox 107 5252 138 5316; x_wconf 91' lang='lat' dir='ltr'>p.</span> <span class='ocrx_word' id='word_1_522' title='bbox 154 5229 219 5294; x_wconf 86' lang='grc'><strong>392</strong></span> <span class='ocrx_word' id='word_1_523' title='bbox 243 5241 277 5294; x_wconf 87' lang='grc'>11</span> <span class='ocrx_word' id='word_1_524' title='bbox 298 5230 449 5315; x_wconf 81' lang='lat' dir='ltr'>syntexin</span> <span class='ocrx_word' id='word_1_525' title='bbox 472 5227 511 5294; x_wconf 90' lang='lat' dir='ltr'>de</span> <span class='ocrx_word' id='word_1_526' title='bbox 536 5227 651 5294; x_wconf 84' lang='lat' dir='ltr'>ordine</span> <span class='ocrx_word' id='word_1_527' title='bbox 672 5230 945 5316; x_wconf 87' lang='lat' dir='ltr'>constructionis).</span> <span class='ocrx_word' id='word_1_528' title='bbox 989 5231 1064 5298; x_wconf 86' lang='lat' dir='ltr'>Diei</span> <span class='ocrx_word' id='word_1_529' title='bbox 1081 5257 1156 5320; x_wconf 82' lang='lat' dir='ltr'>ergo</span> <span class='ocrx_word' id='word_1_530' title='bbox 1170 5243 1278 5321; x_wconf 89' lang='lat' dir='ltr'>potest</span> <span class='ocrx_word' id='word_1_531' title='bbox 1297 5255 1318 5317; x_wconf 78' lang='lat' dir='ltr'>p</span> <span class='ocrx_word' id='word_1_532' title='bbox 1340 5232 1497 5320; x_wconf 83' lang='lat' dir='ltr'>particula</span> <span class='ocrx_word' id='word_1_533' title='bbox 1517 5254 1587 5297; x_wconf 88' lang='lat' dir='ltr'>ver·</span> <span class='ocrx_word' id='word_1_534' title='bbox 1667 5289 1668 5292; x_wconf 74' lang='grc'><strong>,</strong></span> 
     </span>
     <span class='ocr_line' id='line_1_48' title="bbox 324 5350 1383 5414; baseline 0 -12"><span class='ocrx_word' id='word_1_535' title='bbox 324 5369 329 5414; x_wconf 66' lang='lat' dir='ltr'>t</span> <span class='ocrx_word' id='word_1_536' title='bbox 1331 5350 1383 5404; x_wconf 68' lang='grc'>27*</span> 
     </span>
    </p>
   </div>
   <div class='ocr_carea' id='block_1_3' title="bbox 0 0 1852 5650">
    <p class='ocr_par' dir='ltr' id='par_1_7' title="bbox 0 0 1852 5650">
     <span class='ocr_line' id='line_1_49' title="bbox 0 0 1852 5650; baseline 0 0"><span class='ocrx_word' id='word_1_537' title='bbox 0 0 1852 5650; x_wconf 95' lang='lat' dir='ltr'> </span> 
     </span>
    </p>
   </div>
  </div>
 </body>
</html>
