3622 5646
302 403 363 470 368
396 407 539 468 (3⁷⁴·³⁷5)
632 401 676 468 ΙΙ.
698 405 728 467 4.
762 419 862 468 raon,
884 419 974 466 surr.
997 419 1207 467 raasonsum
1229 413 1416 468 assotum.

290 590 414 654 elrdead
434 590 492 675 (gl.
509 600 599 654 actus
623 589 661 654 ab
684 590 757 675 ipsa
777 589 811 652 in
834 587 928 652 aliam
950 585 1045 652 simul
1067 597 1100 652 et
1120 588 1160 652 ab
1176 589 1240 653 alia
1260 589 1294 652 in
1309 587 1423 673 ipsam,
1447 587 1500 652 Pr.
1519 590 1569 668 13,
1585 589 1672 668 5,25;
1691 589 1707 652 i.
1720 613 1740 654 e.

301 703 391 758 actus
413 694 448 756 in
470 702 614 778 utraque,
638 715 786 778 persona,
811 700 842 755 et
862 691 989 776 passio)
1007 691 1091 756 209⁸.
1122 695 1300 757 iscor'boeeto
1313 692 1387 772 flia
1410 689 1561 755 delsuath
1584 690 1739 769 (estaffiue

300 795 514 880 participium,
538 817 645 860 eorum
667 794 803 879 utrique,
829 795 926 858 verbo
952 805 983 856 et
1003 793 1178 877 adieetivo)
1206 791 1285 860 162⁵.
1316 793 1369 856 aed
1392 793 1502 857 dechor·
1523 805 1650 856 netur-ra
1670 791 1739 854 dilli-

301 897 376 958 om'b
391 897 449 981 (gl.
466 897 588 962 diosas
605 896 724 987 habent
740 894 1003 978 significationen
1027 905 1178 961 veternus
1195 906 1227 960 et
1243 904 1428 973 veteranum
1443 895 1464 958 i.
1482 917 1509 959 e.
1527 904 1578 959 est
1592 893 1740 958 differentia

302 995 384 1059 inter
408 997 592 1083 utrumque)
615 1001 675 1064 38¹.

384 1098 599 1166 OLCHENE
622 1098 828 1186 (praeterea),
852 1096 1038 1161 adverbium
1061 1097 1269 1183 compositum
1294 1120 1332 1162 ex
1347 1099 1378 1160 ol
1398 1096 1513 1181 (ultra)
1536 1108 1569 1163 et
1590 1121 1656 1162 cuae
1674 1097 1740 1182 (siue

297 1198 367 1280 boe,
392 1224 489 1286 germ.
513 1201 693 1286 ohnedies),
716 1202 832 1266 transit
853 1200 887 1262 in
912 1199 1179 1284 significationem
1202 1200 1351 1264 adiectivi
1374 1200 1606 1286 pronominalis
1628 1201 1738 1286 (relicui,

297 1302 424 1386 ceteri):
453 1307 555 1368 ocare
578 1307 644 1368 brec
663 1303 753 1366 corbet
775 1303 897 1365 omniur·
917 1302 1036 1364 olclwne
1058 1300 1214 1386 (inomni
1236 1301 1323 1382 loco,
1348 1301 1381 1366 in
1408 1324 1470 1387 quo
1491 1312 1568 1368 sunt
1590 1302 1738 1370 Christiani

296 1413 469 1489 praeterea,
489 1414 578 1470 extra
592 1403 797 1487 Corinthum)
817 1402 890 1469 Wb.
909 1405 948 1468 7⁴.
978 1403 1072 1467 istoru·
1094 1405 1136 1467 do
1153 1407 1322 1488 preceptore·
1343 1406 1461 1468 ineolis
1481 1407 1599 1469 notorii
1618 1405 1741 1488 desopm'l

297 1505 416 1569 olobeoe
438 1519 465 1570 et
480 1506 678 1592 soplimtbidi
704 1507 805 1590 (satis
829 1517 903 1570 sunt
926 1509 989 1574 duo
1011 1519 1235 1593 praeceptores
1262 1507 1297 1571 in
1319 1507 1457 1572 ecelesia
1485 1508 1537 1572 vel
1557 1517 1637 1586 tres,
1663 1507 1739 1574 ceteri

297 1607 448 1693 discipuli
472 1617 503 1673 et
525 1610 703 1693 discentes)
734 1610 791 1671 13⁰.
826 1609 888 1671 iila
909 1611 964 1672 ao'o
985 1609 1073 1672 leniti
1093 1607 1211 1672 olclrene
1226 1609 1289 1694 ,(hi
1312 1619 1387 1674 sunt
1408 1607 1542 1674 Levitae
1565 1611 1739 1694 ceteri)10⁴.

290 1730 408 1794 pmsoo
429 1711 595 1776 aooabstal
615 1713 734 1776 olcbcae
764 1711 918 1797 (persona
947 1720 1124 1776 ceterorum
1151 1710 1382 1797 apostolorum)
1411 1711 1471 1778 18⁴.
1504 1711 1739 1792 referciuntur.

296 1821 384 1874 atoot
404 1813 516 1875 arnold
529 1814 682 1878 olclceoac
702 1813 893 1898 (secundum
909 1811 1154 1877 declinationem
1169 1813 1309 1878 nominis
1326 1824 1401 1879 sunt
1414 1813 1546 1896 relicua,
1563 1814 1739 1900 pronomina)

299 1909 353 1995 Sg.
379 1915 440 1978 27⁸.
474 1935 550 1977 cerro
572 1915 654 1976 cradi
682 1911 700 1976 7
723 1915 836 1977 olauib'
860 1917 927 1977 reta
948 1914 1072 1977 alchena
1100 1913 1212 2000 (caput
1233 1914 1338 1979 cordis
1366 1925 1398 1981 et
1424 1916 1506 1980 aliae
1528 1916 1677 2001 quaedam
1700 1937 1739 1978 res

298 2015 479 2099 praeterea)
513 2016 593 2079 1111.
627 2017 747 2078 aarum!
774 2016 915 2079 olclrenae
943 2016 1058 2097 (ceteri
1080 2017 1190 2100 casus)
1220 2019 1281 2082 71¹.
1321 2041 1381 2080 aar.
1405 2020 1569 2102 caodliqed
1593 2019 1693 2082 ascend
1715 2021 1739 2080 io

295 2116 380 2179 ddbr.
404 2119 523 2182 olcloene
545 2119 602 2204 (gl.
626 2117 809 2202 generalem
832 2128 962 2180 servant
983 2127 1170 2205 accentuum
1185 2119 1355 2200 rationem3
1381 2120 1400 2183 i.
1417 2141 1444 2183 e.
1469 2127 1504 2182 ut
1518 2129 1569 2185 est
1582 2120 1633 2196 lex
1645 2141 1739 2184 acceu-

295 2225 385 2282 tuum
408 2221 440 2283 iu
464 2221 625 2286 adverbiis
647 2221 794 2303 relicuis)
818 2221 901 2286 220·.

925 2459 1128 2471 ι-ι--ῑ-

536 2645 553 2664 “
646 2627 692 2703 ΙΙ.
742 2626 1403 2706 Pronominabritannica.

736 2835 778 2900 A.
810 2832 1052 2914 Pronomina
1071 2828 1318 2917 personalia.

702 3001 728 3068 Ι.
772 3003 968 3070 Pronomina
988 3001 1172 3090 personalia
1193 3000 1350 3067 absoluta

289 3173 293 3180 ·
377 3140 404 3201 1.
428 3136 1030 3227 Pronomenprimaepersonae.
1058 3133 1352 3223 Sing.oambr.lss.
1381 3132 1736 3222 Vetustiusexemplun:

289 3242 363 3306 mma
385 3242 442 3327 (gl.
459 3263 519 3327 ego
535 3264 639 3328 quem,
663 3241 704 3326 gl.
721 3243 814 3308 nobis
829 3265 940 3328 quem3
963 3244 983 3306 i.
1001 3264 1028 3307 e.
1051 3264 1121 3309 sum
1143 3246 1218 3326 ego)
1242 3237 1301 3306 Cb.
1319 3241 1347 3304 3.
1367 3241 1416 3305 54.
1453 3239 1655 3306 Recentiora:
1676 3241 1735 3302 oria

289 3347 381 3428 mnas
390 3346 467 3430 (ego
483 3343 615 3427 faciam)
631 3343 717 3410 Mab.
737 3345 763 3426 1,
777 3347 810 3426 ,2.
833 3348 880 3408 mi
891 3367 933 3428 oy
948 3343 1045 3406 sceleris
1058 3346 1208 3427 praetcrea
1223 3340 1299 3426 (ego
1314 3363 1381 3406 non
1394 3342 1462 3406 vidi
1478 3339 1701 3424 Christianum)
1715 3343 1735 3408 l.

287 3451 361 3515 266.
388 3446 690 3534 pwellpmdidaawr·
711 3451 811 3510 nomi
831 3445 959 3530 (melior
982 3443 1157 3508 collocutor
1179 3465 1272 3528 quam
1289 3443 1366 3528 ego)
1384 3447 1410 3525 1,
1428 3445 1456 3508 2.
1488 3467 1558 3508 orae
1577 3445 1682 3509 mian
1695 3465 1735 3526 ry·
1794 3469 1795 3514 r

287 3573 387 3634 rpwya
409 3549 485 3635 (ego
507 3561 540 3614 te
556 3547 721 3636 superavi)
740 3552 766 3628 1,
783 3549 854 3612 249.
887 3545 977 3610 Perit
999 3553 1073 3631 post
1093 3546 1226 3610 verbum
1247 3545 1420 3612 infectione
1441 3569 1474 3610 m
1495 3549 1694 3634 pronominis,
1714 3543 1734 3608 si

288 3661 337 3716 est
354 3650 531 3715 subiectum
547 3650 594 3736 (p.
614 3653 707 3737 198):
730 3671 848 3734 eampo
869 3671 909 3711 co
929 3644 1002 3709 mab
1023 3645 1126 3708 cedron
1147 3649 1162 3710 ι’
1182 3646 1264 3730 (uon
1279 3669 1366 3712 eram
1388 3670 1447 3734 ogo
1471 3649 1533 3715 nisi
1556 3647 1734 3726 unusfilius)

286 3751 375 3817 Mab.
398 3755 425 3834 1,
441 3753 471 3816 2.
501 3752 605 3837 apboo
625 3773 647 3837 y
666 3751 786 3836 praebia
807 3751 874 3836 ies
891 3749 1031 3835 (etcum
1051 3746 1117 3812 vidi
1143 3771 1202 3834 ego
1225 3748 1313 3832 eum)
1338 3751 1366 3828 1,
1383 3749 1412 3815 3.
1438 3751 1497 3834 poi
1513 3746 1735 3836 ymtyoyoyti

286 3854 408 3936 (donee
431 3852 573 3919 deiectus
596 3874 666 3918 sum
690 3851 767 3938 ego)
794 3855 820 3932 l,
837 3854 866 3918 9.
910 3850 1001 3916 Idem
1022 3851 1238 3935 postpositum
1261 3860 1413 3936 tanquam
1436 3851 1610 3916 obiectum:
1631 3861 1680 3934 ayt
1695 3869 1734 3934 ya-

281 3955 410 4042 peilcuye
430 3965 525 4038 palea
545 3957 578 4017 ai
599 3954 678 4037 (non
701 3952 853 4040 spoliavit
874 3953 929 4017 ille
950 3951 1017 4035 me)
1038 3950 1127 4016 Mab.
1145 3953 1172 4033 1,
1192 3953 1241 4016 10.
1269 3950 1446 4016 koodlaat
1465 3951 1552 4016 vileit
1570 3951 1658 4037 yaepd
1672 3961 1734 4035 pyr!

286 4076 306 4117 a
325 4055 451 4138 arboys
473 4055 544 4116 dau
564 4057 650 4118 nomi
676 4053 742 4137 (est
765 4076 867 4138 genus
897 4050 1079 4118 animalium
1102 4052 1188 4138 quod
1209 4052 1288 4118 deus
1314 4052 1403 4139 prius
1425 4050 1548 4118 creavit
1573 4073 1661 4138 quam
1680 4047 1733 4128 ne)

274 4157 315 4237 .2,
332 4155 404 4220 232.

370 4255 580 4341 Emphaticae
600 4257 825 4342 pronominum
847 4256 1062 4343 personalium
1082 4255 1201 4322 formae
1224 4256 1401 4322 cambricae
1422 4255 1627 4321 inveniuntur
1644 4251 1731 4324 binae,

284 4357 372 4444 prior
389 4356 560 4444 duplicata,
583 4357 692 4440 altera,
715 4359 750 4422 ni
763 4357 910 4438 fallimur,
933 4367 1099 4442 praeterea
1118 4381 1285 4424 assumens
1301 4358 1457 4444 syllabam
1471 4353 1572 4422 TEU.
1615 4353 1731 4422 cornio

284 4457 354 4522 sola
367 4454 434 4522 lere
449 4457 536 4543 prior
549 4457 651 4522 forma
666 4467 767 4540 extat3
791 4458 964 4526 aremorica
979 4460 1169 4546 pronomina
1183 4459 1366 4546 personalia
1380 4459 1528 4525 absoluta
1548 4479 1613 4523 non
1625 4451 1730 4520 inueni·

237 4621 245 4640 ,
283 4582 353 4625 mus
377 4558 548 4645 duplicata.
582 4556 763 4627 Pronomsn
789 4565 816 4626 l.
838 4585 923 4648 pers.
947 4563 1141 4628 cambricum
1162 4561 1357 4647 duplicatum
1380 4559 1488 4626 MIMI
1510 4557 1627 4643 (mim):
1654 4575 1730 4639 uryuy

282 4661 352 4723 eant
374 4657 525 4725 bledam
547 4660 623 4743 (ego
641 4683 711 4725 sum
732 4663 918 4747 possessor)
934 4665 1012 4751 Leg.
1030 4667 1059 4746 2,
1077 4667 1126 4745 11,
1145 4663 1194 4726 19.
1223 4665 1309 4748 mysi
1327 4663 1491 4745 'cranaos
1505 4662 1580 4748 (ego
1595 4651 1730 4734 dividam)

282 4760 369 4827 Mab.
388 4762 416 4842 l,
433 4762 504 4826 251.
534 4759 609 4846 kpat
622 4784 644 4845 y
658 4763 869 4846 Quercbowd
890 4769 925 4849 eJ‘
936 4765 1003 4829 well
1022 4767 1090 4851 yar·
1109 4786 1149 4829 oo
1163 4767 1244 4830 mini
1254 4765 1347 4849 ydaw
1362 4766 1399 4847 ef
1414 4763 1521 4851 (prius
1535 4785 1585 4828 me
1601 4755 1730 4828 salutavit

280 4863 336 4931 ille
359 4885 454 4949 quam
476 4885 535 4949 ego
552 4862 640 4946 eum)
666 4870 693 4948 1,
709 4867 745 4948 43
769 4865 942 4932 obiectum:
964 4889 1028 4952 pao
1048 4866 1184 4952 pentapoli
1197 4868 1233 4931 di
1245 4865 1321 4950 oyai
1339 4865 1384 4949 (si
1401 4885 1536 4949 quaeres
1551 4863 1615 4948 me)
1631 4866 1657 4940 1,
1671 4857 1728 4923 213.

167 4981 170 4986 “
281 4967 422 5031 arboreab
436 4969 502 5030 uiui
518 4965 702 5052 (expectate
718 4967 786 5053 me)
803 4972 829 5050 1,
846 4970 895 5035 30.
940 4967 1048 5054 Magis
1071 4977 1197 5034 auctum
1218 4987 1393 5054 pronomen
1409 4964 1590 5032 MINNEU
1605 4965 1649 5048 (=
1663 4964 1727 5024 edu·

281 5079 339 5146 tea,
363 5067 507 5132 mimaeu?
527 5067 601 5132 hod.
623 5068 784 5154 minoau):
808 5091 940 5154 myaces
962 5092 1000 5134 oe
1017 5071 1147 5156 paudus
1163 5070 1238 5155 (ego
1262 5067 1427 5152 denegabo
1450 5067 1499 5150 id)
1520 5066 1598 5154 Leg.
1618 5067 1646 5146 2,
1661 5065 1687 5142 6,
1700 5061 1728 5135 23

280 5167 401 5233 reiecta
414 5191 445 5231 m
468 5177 542 5255 post
555 5170 701 5237 verbum:
725 5173 849 5257 adyuot,
872 5171 1037 5255 adpwedat
1051 5193 1202 5259 cenapum
1216 5175 1309 5236 aanor
1331 5171 1379 5252 <et
1392 5168 1512 5252 venue,
1535 5169 1639 5234 dicere
1652 5159 1728 5246 coepi
1790 5241 1791 5250 ¹

280 5265 357 5356 ago)
378 5265 464 5334 Mab.
483 5271 557 5351 1,5.
575 5271 624 5336 10.
1790 5271 1791 5280 ²
