3606 5636
140 369 143 382 “
261 365 329 432 220.
351 367 424 431 (24³)
555 365 599 434 II.
621 369 651 436 2.
684 385 945 463 nacurrsrroms
965 386 1171 438 meramors
1192 385 1285 438 osno
1306 385 1418 456 rmus.

751 766 914 853 CAPUT
938 765 1218 852 SECUNDUM.

774 937 831 1012 De
849 937 1005 1018 nominis
1024 937 1194 1014 flexione.
1248 979 1252 988 ·
1782 908 1788 1045 l

1064 1045 1073 1086 l

710 1180 742 1250 1.
777 1173 943 1251 Nomen
966 1175 1255 1250 hibernicum.
1783 1266 1789 1299 Ι

827 1361 868 1427 Α.
897 1337 1136 1426 reclinans.

337 1527 376 1592 In
398 1536 526 1596 vetusta
545 1528 656 1616 lingua
675 1519 852 1612 hibernica,
874 1553 955 1617 quae
976 1551 1092 1614 magna
1111 1527 1278 1594 formarum
1298 1527 1438 1594 nominis
1463 1525 1616 1593 varietate
1636 1547 1695 1591 sur·
1783 1493 1791 1584 l

257 1637 332 1695 vata
351 1629 447 1716 longe
469 1639 599 1717 superat
620 1631 760 1698 eiusde'm
783 1632 895 1698 aetatis
910 1630 1108 1712 cambricam,
1130 1641 1180 1696 est
1194 1628 1311 1716 duplex
1325 1628 1507 1694 declinandi
1522 1627 1607 1709 ordo,
1628 1649 1697 1712 qno·

228 1727 230 1732 ’
257 1753 325 1794 rum
347 1731 433 1818 prior
455 1754 492 1798 ea
512 1733 642 1798 nomina
662 1733 868 1820 amplectitur,
892 1755 1024 1820 quorum
1038 1732 1175 1798 themata
1187 1731 1352 1798 vocalibus
1366 1731 1581 1810 terminantur,
1603 1735 1700 1815 poste·

255 1831 328 1914 rior,
352 1835 483 1920 qnorum
503 1833 641 1902 themata
660 1836 695 1900 in
717 1855 875 1900 consonas
896 1834 1055 1900 desinunt.
1103 1832 1155 1899 Ito
1180 1855 1247 1900 rem
1268 1856 1304 1900 se
1323 1833 1441 1898 habere
1468 1853 1540 1898 cum
1560 1829 1701 1916 probetur

255 1933 402 2027 analogia
429 1945 604 2002 ceterarum
629 1937 806 2024 linguarum
833 1943 1049 2020 cognatarum,
1077 1944 1143 2000 tum
1164 1935 1327 2022 praeclare
1349 1934 1551 2000 confirmatur
1579 1952 1700 1997 casuum

252 2034 395 2121 reliquiis
418 2037 562 2123 quamvis
583 2039 738 2104 tenuibus·
753 2037 878 2124 priscae
900 2037 1033 2123 gallicas
1056 2045 1089 2103 et
1109 2058 1223 2103 casces
1244 2035 1426 2104 hibernicae
1455 2033 1603 2122 (ogmicis
1623 2031 1700 2098 litte·

6 2209 11 2224 *
167 2135 168 2138 ’
253 2137 298 2205 ris
321 2137 483 2224 scriptae).
527 2138 619 2222 Quae
640 2161 711 2206 cum
730 2137 893 2204 tenuiores
915 2138 1042 2226 quidem
1063 2138 1137 2220 sint,
1161 2161 1255 2226 quam
1277 2161 1317 2204 ex
1339 2137 1454 2223 quibus
1476 2135 1563 2202 insta
1583 2143 1615 2200 et
1634 2155 1700 2221 per·

28 2285 33 2292 -
122 2247 133 2276 ¹.
252 2238 337 2304 fecta
358 2239 580 2307 declinationis
601 2241 705 2327 imago
728 2239 869 2306 construi
883 2240 996 2327 possit,
1018 2249 1124 2306 tamen
1144 2239 1230 2305 haud
1249 2239 1451 2305 mediocriter
1470 2237 1505 2302 in
1520 2235 1700 2324 quibusdan

118 2383 122 2392 -
194 2349 220 2396 f
254 2340 295 2405 ad
321 2362 387 2407 rem
413 2341 547 2424 faciant,
576 2365 634 2408 suo
656 2363 801 2429 quaeque
822 2341 893 2408 loco
917 2350 1089 2427 sequentur
1109 2341 1304 2430 praemissae
1323 2338 1448 2422 formis,
1478 2360 1558 2426 quas
1581 2336 1701 2404 codices

253 2441 354 2507 nostri
376 2444 537 2527 praebent.
586 2444 641 2511 Ad
661 2443 798 2531 priorem
818 2441 913 2507 illum·
929 2443 1072 2510 ordinem
1098 2442 1164 2510 fere
1184 2442 1354 2530 pertinent.
1367 2440 1540 2522 adiectira,
1568 2463 1648 2527 quae
1672 2440 1703 2504 in

253 2541 456 2629 paucissimis
475 2545 638 2632 proprium
658 2544 784 2611 modum
799 2554 958 2628 secuntur,
979 2569 1044 2611 non
1059 2553 1127 2612 tota
1149 2545 1257 2632 specie
1278 2543 1367 2610 utin
1387 2539 1459 2608 aliis
1480 2541 1608 2634 linguis,
1631 2566 1657 2609 a.
1676 2565 1701 2608 c.

254 2645 437 2730 germanica
459 2654 491 2712 et
512 2646 648 2729 slavica3
671 2646 829 2733 posterior
849 2647 927 2712 ordo
949 2647 1089 2713 solorum
1108 2645 1174 2713 fere
1196 2645 1464 2712 substantivorum
1487 2652 1545 2725 est,
1565 2665 1627 2711 noc
1646 2653 1703 2708 tam

232 2765 234 2774 ’
256 2743 405 2830 frequens
428 2746 581 2834 exemplis
609 2769 702 2833 quam
722 2748 817 2834 prior.
868 2748 908 2813 In
929 2757 1062 2835 utroque
1085 2747 1194 2815 ordine
1215 2747 1344 2814 vocales
1366 2747 1536 2813 flexionum
1558 2753 1632 2812 sunt
1656 2753 1706 2809 ant

256 2847 414 2929 externae,
438 2847 472 2914 in
484 2850 548 2914 fine
563 2848 763 2932 accedentes,
785 2849 1006 2932 rutinense,
1027 2850 1131 2916 locum
1147 2856 1340 2936 occupantes
1359 2859 1433 2915 ants
1454 2869 1627 2914 consonam
1645 2855 1705 2911 ter·

255 2947 418 3031 mindens,
443 2949 512 3016 sive
534 2959 584 3016 est
602 2951 720 3017 radicis
743 2953 812 3018 sire
834 2951 1051 3018 derivationis.
1103 2950 1186 3018 Sunt
1204 2959 1370 3037 praeterea
1391 2949 1593 3018 substantiva
1613 2971 1705 3036 quse·

252 3050 325 3115 dam
351 3050 566 3138 discrepantia
597 3054 636 3119 ab
665 3053 792 3120 usitatis
820 3052 1044 3119 declinationis
1073 3053 1175 3120 modis
1201 3051 1339 3138 propriis
1365 3051 1494 3133 formis,
1531 3051 1600 3116 sive
1634 3073 1706 3115 ano·

214 3201 221 3238 ¹.
253 3151 344 3218 mala.
400 3151 549 3220 Omnium
574 3153 686 3221 horum
714 3154 816 3220 dualis
842 3176 991 3221 numerus
1016 3176 1082 3220 non
1103 3176 1161 3240 per
1179 3175 1215 3220 se
1237 3153 1338 3236 solus,
1368 3153 1462 3219 utin
1492 3152 1564 3218 aliis
1591 3152 1705 3240 linguis

254 3275 335 3340 quae
357 3254 481 3321 dualem
503 3265 684 3341 servarunt,
711 3279 866 3343 personas
887 3255 940 3322 vel
959 3277 1012 3321 res
1035 3255 1114 3321 duas
1136 3255 1310 3342 significat,
1334 3254 1391 3322 sed
1413 3261 1614 3321 constructus
1637 3277 1703 3320 cum

253 3355 406 3422 numerali
434 3357 477 3422 dd
503 3358 623 3444 pariter
648 3367 744 3444 atque
769 3357 804 3423 in
832 3357 976 3424 dialectis
998 3357 1195 3424 britannicis.
1240 3355 1391 3424 Ceterum
1412 3355 1482 3422 sola
1508 3356 1705 3423 substantiva

210 3481 223 3504 ν
254 3457 290 3521 in
313 3457 444 3525 formam
466 3459 591 3548 dualem
611 3459 696 3526 flexa
715 3467 798 3542 sunt,
822 3457 981 3525 adiectiva
1001 3481 1127 3546 semper
1146 3458 1301 3546 pluralem
1319 3457 1498 3524 induerunt

842 3695 967 3773 Ordo
992 3696 1127 3797 prior.

337 3879 546 3948 Substantiva
567 3891 599 3958 et
620 3883 778 3950 adiectiva
798 3881 924 3968 generis
952 3881 1119 3948 masculini
1147 3888 1179 3948 et
1205 3879 1308 3946 neutri
1338 3878 1533 3946 concordant
1558 3879 1708 3960 flexione3

255 3982 454 4050 substantiva
482 3992 514 4048 et
541 3984 699 4051 adiectiva
727 3983 853 4071 generis
883 3983 1026 4050 feminini
1054 4006 1094 4049 ex
1119 3991 1209 4070 parte
1234 3981 1382 4069 proprios
1413 3981 1524 4048 modos
1552 3989 1707 4049 secuntur.

252 4082 398 4149 Exhibeo
420 4084 556 4172 primum
578 4083 706 4152 schema
727 4084 865 4153 omnium
888 4083 1067 4150 declinandi
1089 4084 1265 4166 modorum,
1294 4106 1374 4170 qnos
1397 4083 1468 4150 dico
1490 4083 1610 4168 series,
1638 4105 1708 4172 pre

251 4206 377 4271 ponens
402 4185 620 4273 paradigmata
647 4188 858 4274 singulorum,
894 4185 1021 4252 omissis
1052 4194 1157 4251 tamen
1184 4184 1321 4251 locativo
1349 4192 1382 4250 et
1409 4184 1548 4251 ablativo
1574 4187 1708 4264 casibus,

254 4309 386 4372 quorum
406 4286 575 4373 reliquiae,
605 4290 660 4356 ubi
682 4298 756 4356 sunt
778 4287 923 4353 diversae
946 4311 965 4352 a
986 4285 1093 4352 dativo
1114 4285 1247 4370 formae,
1276 4309 1333 4354 suo
1361 4308 1506 4374 quaeque
1532 4287 1605 4354 loco
1631 4285 1710 4351 infra

251 4388 430 4470 tradentem
457 4387 583 4474 profero
613 4389 728 4456 deinde
757 4388 956 4456 substantiva
984 4397 1016 4454 et
1041 4387 1199 4454 adiectiva
1227 4387 1395 4476 probantia
1419 4387 1539 4454 formas
1569 4387 1710 4454 cuiusuis

255 4489 350 4579 seriei
372 4489 425 4556 hio
447 4491 620 4577 expositas,
644 4501 699 4556 aut
718 4490 889 4556 varietates
913 4512 1018 4592 aarum
1040 4489 1213 4574 offerentia,
1237 4514 1277 4556 ex
1297 4489 1378 4574 ipsis
1400 4489 1575 4556 codicibus.

537 4709 767 4778 Declinatio
789 4709 1014 4777 masculina
1035 4721 1072 4776 et
1092 4709 1253 4798 generis
1274 4707 1424 4776 neutri.

335 4843 569 4934 Paradigmats:
596 4846 624 4912 Ι.
652 4869 680 4911 a.
702 4844 893 4933 Exemplum
924 4867 989 4911 non
1016 4844 1192 4913 derivatum
1217 4845 1280 4910 boll
1300 4845 1515 4930 (membrum)
1538 4845 1711 4914 derivatum

253 4946 341 5011 arbel
358 4947 497 5034 (casus);
526 4950 557 5016 b.
580 4949 638 5013 edla
660 4946 808 5033 (socius).
841 4947 1030 5035 Exemplum
1049 4946 1144 5014 huius
1164 4947 1332 5015 divisionis
1355 4947 1541 5030 derivatum,
1563 4947 1710 5013 stertire
1796 4971 1797 5042 l

253 5044 390 5132 (mulio),
412 5051 513 5116 tectim
534 5049 707 5136 (legatus),
731 5048 848 5116 addere
868 5072 933 5116 non
953 5057 1018 5114 tum
1038 5050 1255 5118 necessarium
1274 5049 1412 5131 videtur,
1435 5071 1532 5135 quam
1553 5049 1711 5136 inpriore
1796 5051 1797 5136 l

253 5150 294 5220 ob
316 5149 458 5218 internas
485 5149 633 5218 flexionis
661 5151 803 5218 vocales.
848 5149 891 5216 Π.
904 5151 994 5234 fo'r'tb
1016 5151 1147 5239 (rates).
1190 5151 1252 5219 111.
1277 5149 1339 5216 bitb
1354 5149 1533 5238 (mundus).
