3656 5652
558 357 584 423 I.
609 360 636 422 l.
669 375 714 421 na
736 373 895 422 sructura
917 375 1104 424 rmsnmus.
1503 365 1561 430 173

93 549 186 615 lebas
210 570 322 614 earum
342 567 455 612 vocum
477 543 606 610 affectas
629 565 702 609 esse
731 565 812 630 quae
839 553 947 609 essent
969 546 1100 610 domum
1128 547 1179 610 vel
1201 547 1336 633 plurium
1360 549 1560 633 syllabarum.

93 649 188 731 Quae
205 649 382 716 destructio
405 646 597 733 syllabarum
618 645 759 710 finalium
780 645 814 709 in
835 644 999 712 hibernica
1019 647 1230 733 potissimum,
1254 671 1335 734 quae
1358 651 1482 736 quidem
1506 655 1562 717 ali-
1641 659 1649 682 ¹

95 761 217 838 quanto
252 751 325 838 plus
347 770 439 836 quam
463 746 658 814 britannicae
686 747 813 812 dialecti
836 749 1010 813 servaverit
1038 757 1069 812 et
1097 748 1136 812 de
1164 749 1301 816 flexione
1330 763 1361 816 et
1389 753 1427 818 de
1450 754 1562 819 effectu

95 854 262 920 vocalium
285 862 317 918 et
338 871 548 916 consonarum
571 847 820 936 deperditarum,
848 849 889 914 ad
910 859 1012 916 certas
1035 850 1123 935 leges
1145 852 1286 916 revocari
1309 863 1414 938 potest
1436 878 1563 943 compa

95 955 173 1021 ratis
198 955 380 1042 linguarum
401 961 604 1038 cognatarum
625 949 743 1016 formis.

179 1055 207 1120 Ι.
238 1055 407 1122 Hiberni
417 1075 459 1120 ce
479 1052 576 1140 igitur
590 1073 672 1139 quae
686 1053 821 1139 pristina
841 1053 936 1118 fuerit
948 1053 1127 1120 terminatio
1143 1075 1266 1135 vocum,
1281 1067 1413 1143 apparet
1427 1060 1562 1146 legibus,

99 1181 116 1224 e
137 1159 262 1244 quibus
284 1179 444 1224 consonae
465 1156 500 1221 iu
521 1153 678 1242 principio
699 1154 789 1221 vocis
811 1155 1009 1242 insequentis
1032 1156 1154 1242 positae
1175 1164 1230 1222 aut
1252 1169 1417 1224 servantur
1439 1173 1493 1227 aut
1514 1165 1563 1228 in-

98 1261 262 1326 ficiuntur.
305 1257 400 1326 Unde
422 1265 511 1346 patet

186 1367 214 1426 l.
251 1381 449 1428 consonas
477 1359 590 1424 finales
620 1357 720 1424 luisse
743 1367 808 1424 tres
828 1381 861 1441 r,
884 1383 922 1438 a,
942 1381 970 1440 a,
998 1381 1063 1424 non
1083 1357 1184 1423 titisse
1206 1371 1218 1422 t
1243 1361 1353 1444 reid,
1383 1386 1478 1450 quam
1507 1391 1562 1432 re-

96 1465 281 1530 tustissimc
302 1471 442 1548 tempore
464 1460 623 1526 decidisse
644 1460 796 1544 probatur
817 1461 981 1547 exemplis,
1005 1460 1098 1546 quale
1121 1471 1170 1526 est
1191 1461 1282 1524 cicili
1301 1465 1370 1526 auia
1393 1465 1450 1550 (gl.
1474 1467 1561 1533 aliud

96 1565 237 1651 aliquid)
260 1563 315 1650 Sg.
332 1565 380 1646 6⁸3
407 1564 441 1627 in
463 1584 526 1648 quo
548 1562 700 1628 infectae
727 1561 865 1626 ostendit
893 1570 1037 1626 neumam
1059 1563 1257 1647 pronominis
1285 1587 1350 1630 non
1377 1575 1411 1629 ut
1431 1566 1564 1634 latinum

72 1657 75 1664 ’
99 1667 191 1730 aliud
212 1667 249 1730 in
272 1686 459 1747 consonam,
489 1664 546 1730 sed
567 1674 603 1730 ut
624 1685 769 1750 graecum
794 1651 876 1724 litto
899 1663 933 1727 in
954 1662 1097 1728 vocalem
1120 1663 1254 1729 desisse.
1302 1665 1354 1732 Ex
1376 1667 1439 1732 illis
1462 1679 1564 1735 autem

98 1767 201 1833 tribus
226 1767 379 1833 consonis
403 1766 498 1852 (quas
521 1765 739 1832 vetustissima
758 1763 922 1830 hibernica
944 1787 1016 1830 cum
1039 1787 1153 1851 graeca
1175 1765 1284 1852 lingua
1304 1791 1488 1837 communes
1510 1773 1565 1838 ba-

100 1869 170 1933 buit
191 1867 325 1952 finales)
352 1891 371 1930 r
399 1865 502 1932 adhuc
530 1866 683 1932 remansit
709 1865 798 1930 utin
820 1865 918 1947 athir,
947 1864 1019 1931 hod.
1043 1867 1148 1930 atbair
1176 1869 1311 1953 (pater);
1339 1895 1360 1932 a
1389 1875 1565 1940 secundum

101 1979 207 2037 certas
231 1971 320 2057 leges
344 1991 441 2056 supra
462 1965 532 2056 (pp.
553 1969 605 2033 43.
624 1969 675 2033 45.
696 1967 754 2050 65)
776 1966 978 2031 adumbratas
1000 1968 1093 2032 modo
1114 1967 1221 2053 periit,
1249 1969 1344 2035 modo
1367 1985 1523 2057 servatum
1551 2002 1565 2041 s

99 2093 160 2138 non
183 2071 283 2138 modo
305 2073 378 2158 ipsa
397 2070 518 2136 interiit
538 2078 573 2134 ut
593 2068 710 2134 inaile
725 2067 848 2152 (alius),
871 2069 924 2131 dia
947 2068 1067 2152 (deus),
1092 2071 1257 2136 sedetiam
1281 2093 1453 2141 consonam
1476 2087 1564 2144 ante-

101 2173 268 2238 cedentem
298 2193 362 2238 una
393 2191 502 2238 secum
528 2169 688 2234 interemit
715 2178 749 2233 ut
769 2193 785 2232 c
807 2169 856 2255 (p)
878 2169 910 2236 in
933 2171 991 2252 iia,
1020 2171 1058 2234 lie
1085 2171 1214 2258 (lapis),
1244 2174 1275 2234 ri
1293 2172 1394 2259 (rex),
1424 2179 1508 2264 t(d)
1531 2182 1565 2245 in

103 2276 223 2339 ddnutu
241 2273 416 2360 (audacia),
439 2283 503 2336 leae
517 2271 642 2357 (ignis),
666 2271 799 2335 eandem
814 2273 884 2338 loco
900 2273 1075 2338 iunctarum
1096 2286 1130 2338 at
1150 2274 1181 2337 in
1197 2297 1272 2338 rara
1294 2275 1455 2364 (amicus),
1471 2285 1565 2347 adata

103 2376 296 2462 (inimicus),
318 2397 334 2439 e
354 2375 426 2462 (pro
449 2373 501 2459 aa)
522 2373 556 2436 in
578 2375 623 2436 mi
644 2370 806 2458 (mensis).

184 2479 216 2544 2.
250 2477 441 2558 Voculae,
469 2497 548 2561 quas
570 2473 604 2538 in
626 2483 765 2540 extrema
786 2497 865 2540 uoce
891 2475 1016 2562 perisse
1036 2475 1231 2542 domonstrat
1252 2463 1390 2544 iniectio*
1403 2503 1563 2550 consonae

103 2580 286 2647 inchoantis
308 2601 389 2666 quae
412 2575 563 2663 sequitur,
586 2576 681 2640 etiam
704 2583 776 2642 ante
799 2599 957 2642 consonas
978 2578 1012 2642 in
1033 2585 1193 2664 postrema
1211 2580 1333 2665 syllaba
1353 2583 1477 2666 positae
1499 2586 1566 2672 ple·

102 2705 237 2770 rumque
259 2681 430 2768 perierunt,
453 2699 514 2744 nec
535 2677 599 2742 nisi
620 2677 685 2742 illis
707 2676 933 2744 infectionibus
955 2689 987 2744 et
1009 2679 1239 2745 defectionibus
1260 2683 1418 2748 vocalium
1440 2694 1566 2752 antece-

103 2783 247 2850 dentium
276 2781 325 2866 (et
345 2781 499 2847 hodierna
519 2779 775 2866 pronuntiatione
799 2781 1025 2866 consonarum)
1053 2782 1241 2868 produntur,
1272 2783 1447 2870 dequibus
1471 2809 1567 2874 supra

104 2895 206 2952 actum
228 2894 287 2951 est.
339 2881 448 2964 Quare
469 2880 510 2946 ad
532 2879 683 2966 pristinas
705 2880 832 2966 linguae
859 2881 975 2947 formas
997 2883 1210 2948 restituendas
1238 2907 1301 2950 nou
1324 2886 1442 2952 minore
1473 2909 1566 2974 quam

104 2989 141 3054 ad
168 2985 346 3053 finiendam
373 3005 584 3050 consonarum
610 2983 898 3070 pronuntiationem
925 2993 1084 3049 momento
1113 2995 1162 3051 est
1188 2983 1244 3050 illa
1265 2987 1374 3072 regula
1403 2989 1564 3054 scribendi

105 3089 233 3175 saepius
255 3094 448 3166 memorata,
477 3107 540 3170 qua
568 3083 637 3147 sola
663 3083 819 3148 interdum
846 3085 1025 3150 consimilia
1054 3086 1302 3172 distinguuntur,
1333 3099 1367 3152 ut
1387 3093 1445 3154 aiot
1465 3092 1564 3177 (nom.

106 3212 170 3255 acc.
185 3219 220 3244 =
233 3189 326 3272 ellan,
344 3185 469 3270 semen)
492 3194 523 3248 et
544 3183 584 3248 at
604 3183 702 3270 (gen,
725 3215 758 3240 =
780 3187 844 3267 alil,
869 3187 1030 3270 seminis),
1052 3187 1117 3252 hib.
1141 3197 1202 3252 vet.
1218 3189 1257 3250 at
1278 3198 1442 3276 utrumque
1466 3195 1565 3279 scrip·

105 3304 178 3374 tum,
202 3292 254 3357 vel
276 3292 361 3354 liena
383 3289 502 3376 (potue,
526 3315 557 3338 =
572 3285 677 3368 lindie)
701 3295 733 3352 el
753 3290 826 3350 ritca
848 3287 963 3371 (sidus,
989 3317 1018 3340 =
1036 3287 1145 3372 uincit),
1168 3289 1232 3354 hib.
1258 3299 1318 3354 vet.
1342 3291 1409 3354 lind
1430 3303 1461 3357 et
1483 3295 1565 3358 rimi,

189 3393 225 3477 a)
248 3389 473 3476 Oorreptae
497 3388 578 3452 enim
601 3388 729 3453 vocales
753 3388 859 3473 utique
883 3388 1082 3469 exciderunt,
1108 3391 1175 3454 sive
1199 3393 1389 3476 sequebatur
1411 3395 1477 3459 sive
1500 3419 1565 3460 non

114 3494 307 3583 sequebatur
321 3513 472 3558 consona.
500 3489 539 3555 E.
555 3512 583 3555 c.
593 3489 647 3574 scr
662 3487 749 3572 (hod.
759 3489 843 3574 sear,
859 3490 916 3570 vir,
932 3520 964 3544 =
972 3491 1187 3575 seruasiraa),
1210 3493 1270 3554 aila
1285 3493 1390 3576 (alius,
1413 3525 1446 3548 =
1460 3497 1565 3576 oileus,

111 3595 221 3680 aiics);
237 3595 328 3680 scr-ri
344 3592 472 3680 (virum,
487 3589 641 3675 =firaa)‚
663 3591 758 3656 uile-ri
774 3591 895 3675 (alium,
909 3616 943 3646 =
958 3592 1076 3674 alian);
1091 3591 1138 3673 fir·
1152 3591 1224 3674 (vir,
1246 3615 1313 3658 voc.
1328 3594 1453 3678 =Jire),
1478 3599 1569 3660 delini

107 3697 224 3782 (homo,
246 3717 317 3762 voc.
340 3695 507 3771 :ricinia
530 3693 648 3777 danie).

192 3797 223 3882 d)
244 3795 475 3863 Productae
496 3794 545 3879 (et
567 3791 770 3881 diphthongi)
797 3794 831 3858 in
854 3795 1048 3860 extremitate
1071 3797 1159 3861 vocis
1187 3819 1251 3861 non
1274 3799 1375 3883 magis
1404 3808 1478 3864 sunt
1499 3821 1566 3864 ser-

109 3909 215 3966 vatae:
229 3899 275 3982 fir·
297 3898 385 3984 (viri,
408 3919 478 3983 gen.
503 3917 549 3983 eg.
573 3905 605 3960 et
624 3919 708 3960 nom.
730 3894 773 3984 pl.
797 3895 902 3978 ²·fil'b
915 3897 1001 3982 firi),
1024 3897 1082 3961 aila·
1101 3897 1208 3982 (allus,
1232 3898 1295 3980 alii,
1322 3931 1349 3952 -τ
1374 3901 1451 3981 atti,
1474 3900 1564 3984 alit);

100 4002 167 4083 stur
180 4001 271 4085 (viro,
296 3999 433 4081 :estana
440 3997 534 4082 strat),
558 3999 636 4062 uilia
651 3997 740 4081 (dat,
759 3998 822 4080 alii,
837 4027 871 4052 =
881 3999 985 4077 aiii-a,
1002 3997 1112 4081 αἰὶ-ὒ);
1135 4001 1228 4062 clerici
1243 3999 1373 4086 (proles,
1398 4029 1428 4058 =
1443 4004 1564 4083 ciclada,
1605 4061 1610 4066 .

3 4087 4 4090 Ἴ
111 4103 252 4188 οἱαπάἅ),
282 4101 338 4164 hm
358 4099 495 4184 (mulier,
517 4098 591 4164 hod.
608 4099 693 4180 aaa,
717 4129 747 4152 =
769 4099 858 4180 bena,
882 4098 989 4182 tenu),
1017 4101 1077 4163 aila
1099 4099 1185 4184 (alia,
1208 4131 1241 4154 =
1261 4102 1350 4181 aileu,
1373 4103 1463 4188 aliu).
1514 4105 1563 4169 Ne

112 4214 182 4270 ante
199 4223 356 4270 consonas
371 4200 498 4286 quidem
513 4221 652 4287 semper:
669 4200 759 4285 fer-ri
775 4201 938 4285 (virorum,
957 4231 985 4254 =
995 4201 1103 4285 forata,
1116 4202 1224 4284 siavia),
1248 4204 1344 4266 alic-ri
1360 4203 1517 4288 (aliorum,
1535 4235 1565 4257 =

4 4297 5 4300 ¹
111 4308 222 4386 asiaca,
241 4303 355 4388 clidat).
399 4299 464 4368 Sed
485 4302 540 4367 ubi
563 4309 743 4384 servantur,
772 4311 844 4367 ante
867 4299 1115 4388 a'potissimum‚
1144 4304 1316 4390 productae
1340 4306 1564 4393 corripiuntur:

106 4407 171 4486 stru
194 4405 302 4491 (viros,
318 4403 437 4485 =fir2l‚
449 4401 556 4488 fiatis),
579 4404 648 4468 dati
668 4402 850 4487 (elementa,
875 4433 903 4455 =
920 4404 999 4485 cult,
1018 4403 1126 4488 dalila),
1149 4426 1246 4490 quare
1261 4405 1449 4493 diphthongi
1471 4409 1567 4473 variis

114 4507 219 4574 formis
238 4507 426 4574 redduntur:
455 4503 551 4588 betha,
576 4503 660 4568 bellac
681 4503 815 4588 (mundi,
837 4527 908 4590 gen.
932 4534 961 4558 =
979 4504 1110 4585 beticus,
1132 4505 1279 4591 hirtam),
1301 4509 1429 4593 palatui,
1451 4511 1566 4594 pairac,

113 4610 220 4696 pabore,
237 4609 338 4695 palmi
359 4605 465 4690 (facta
488 4605 531 4693 pl.
554 4637 584 4662 ==
597 4604 762 4694 palmeis).

196 4709 225 4794 a)
244 4709 369 4776 Maiore
385 4707 598 4774 destructione
621 4708 717 4772 duas
739 4708 915 4791 vocales,
938 4718 1130 4795 postremam
1144 4733 1209 4774 una
1230 4715 1328 4775 cumi
1348 4711 1457 4796 (vals)
1480 4721 1568 4776 ante-

116 4811 249 4894 cedente,
264 4811 412 4896 abreptas
428 4809 575 4876 conicere
589 4809 665 4876 licet
680 4810 715 4874 iu
728 4809 949 4875 terminatione
965 4809 1063 4875 dativi
1078 4811 1209 4897 pluralis
1221 4813 1277 4896 -a’b,
1291 4813 1358 4876 -aib
1369 4813 1417 4898 (ε
1428 4812 1566 4896 cbicu?);

121 4913 230 4978 certius
250 4912 431 4999 exemplum
453 4921 502 4977 est
516 4911 582 4994 aiil,
603 4921 748 4976 neutrrun
768 4912 965 4998 pronominis
988 4913 1048 4978 aila
1063 4913 1186 4998 (alius).
1223 4915 1372 5002 Inprimis
1389 4939 1463 4980 vero
1482 4915 1567 4979 eius-

120 5013 200 5080 modi
219 5014 429 5080 destructione
451 5013 595 5101 syllabae
616 5014 729 5080 finales
752 5037 848 5102 saepe
869 5016 1031 5102 perierunt
1050 5015 1084 5078 in
1106 5017 1327 5102 transumptis:
1351 5016 1482 5081 ‹rbataait
1497 5019 1568 5101 (ab-

119 5117 288 5202 stinentia),
308 5119 415 5204 peremi
438 5113 679 5204 (paenitentia),
703 5118 816 5182 accidit
836 5117 884 5202 (=
904 5113 1096 5200 accidentia)
1117 5141 1148 5205 p.
1170 5121 1220 5183 42.
1256 5121 1331 5183 stota·
1353 5119 1398 5203 (=
1422 5118 1568 5202 historia)

1619 5255 1787 5503 Γ
