<?xml version="1.0" encoding="UTF-8"?>
<!DOCTYPE html PUBLIC "-//W3C//DTD XHTML 1.0 Transitional//EN"
    "http://www.w3.org/TR/xhtml1/DTD/xhtml1-transitional.dtd">
<html xmlns="http://www.w3.org/1999/xhtml" xml:lang="en" lang="en">
 <head>
  <title>
</title>
<meta http-equiv="Content-Type" content="text/html;charset=utf-8" />
  <meta name='ocr-system' content='tesseract 3.04.00' />
  <meta name='ocr-capabilities' content='ocr_page ocr_carea ocr_par ocr_line ocrx_word'/>
</head>
<body>
  <div class='ocr_page' id='page_1' title='image "./grammaticacelti00ebelgoog/grammaticacelti00ebelgoog_0055.png"; bbox 0 0 3684 5648; ppageno 0'>
   <div class='ocr_carea' id='block_1_1' title="bbox 192 271 1363 342">
    <p class='ocr_par' dir='ltr' id='par_1_1' title="bbox 192 271 1363 342">
     <span class='ocr_line' id='line_1_1' title="bbox 192 271 1363 342; baseline -0.007 0"><span class='ocrx_word' id='word_1_1' title='bbox 192 289 195 292; x_wconf 84' lang='grc'><em>·</em></span> <span class='ocrx_word' id='word_1_2' title='bbox 259 278 299 342; x_wconf 88' lang='grc'>46</span> <span class='ocrx_word' id='word_1_3' title='bbox 333 279 383 341; x_wconf 78' lang='lat' dir='ltr'>(eo.</span> <span class='ocrx_word' id='word_1_4' title='bbox 397 277 440 339; x_wconf 77' lang='lat'>5⁷)</span> <span class='ocrx_word' id='word_1_5' title='bbox 634 271 661 336; x_wconf 95' lang='lat' dir='ltr'>I.</span> <span class='ocrx_word' id='word_1_6' title='bbox 687 275 713 336; x_wconf 93' lang='lat'>1.</span> <span class='ocrx_word' id='word_1_7' title='bbox 748 289 923 338; x_wconf 76' lang='lat' dir='ltr'>consessa</span> <span class='ocrx_word' id='word_1_8' title='bbox 944 289 1149 337; x_wconf 76' lang='lat' dir='ltr'>umsnmosn</span> <span class='ocrx_word' id='word_1_9' title='bbox 1171 285 1363 335; x_wconf 71' lang='lat' dir='ltr'>seminans,</span> 
     </span>
    </p>
   </div>
   <div class='ocr_carea' id='block_1_2' title="bbox 259 442 1719 651">
    <p class='ocr_par' dir='ltr' id='par_1_2' title="bbox 259 442 1719 651">
     <span class='ocr_line' id='line_1_2' title="bbox 259 442 1719 546; baseline -0.008 -18"><span class='ocrx_word' id='word_1_10' title='bbox 259 461 361 543; x_wconf 77' lang='lat' dir='ltr'>uillae,</span> <span class='ocrx_word' id='word_1_11' title='bbox 385 459 481 543; x_wconf 79' lang='lat' dir='ltr'>uilla),</span> <span class='ocrx_word' id='word_1_12' title='bbox 503 460 539 525; x_wconf 94' lang='lat' dir='ltr'>id</span> <span class='ocrx_word' id='word_1_13' title='bbox 552 459 608 524; x_wconf 80' lang='lat' dir='ltr'>vix</span> <span class='ocrx_word' id='word_1_14' title='bbox 627 479 694 522; x_wconf 92' lang='lat' dir='ltr'>non</span> <span class='ocrx_word' id='word_1_15' title='bbox 714 459 936 546; x_wconf 74' lang='lat' dir='ltr'>neglegentiae</span> <span class='ocrx_word' id='word_1_16' title='bbox 957 459 1157 525; x_wconf 88' lang='lat' dir='ltr'>tribuendum</span> <span class='ocrx_word' id='word_1_17' title='bbox 1179 464 1237 522; x_wconf 89' lang='lat' dir='ltr'>est.</span> <span class='ocrx_word' id='word_1_18' title='bbox 1272 455 1325 521; x_wconf 92' lang='lat' dir='ltr'>De</span> <span class='ocrx_word' id='word_1_19' title='bbox 1338 460 1457 540; x_wconf 88' lang='lat' dir='ltr'>puncto</span> <span class='ocrx_word' id='word_1_20' title='bbox 1480 451 1560 518; x_wconf 86' lang='lat' dir='ltr'>alias</span> <span class='ocrx_word' id='word_1_21' title='bbox 1582 442 1719 532; x_wconf 79' lang='lat' dir='ltr'>delente,</span> 
     </span>
     <span class='ocr_line' id='line_1_3' title="bbox 260 557 1392 651; baseline -0.006 -23"><span class='ocrx_word' id='word_1_22' title='bbox 260 564 345 650; x_wconf 91' lang='lat' dir='ltr'>quod</span> <span class='ocrx_word' id='word_1_23' title='bbox 366 563 554 651; x_wconf 82' lang='lat' dir='ltr'>saepissime</span> <span class='ocrx_word' id='word_1_24' title='bbox 575 561 610 626; x_wconf 91' lang='lat' dir='ltr'>in</span> <span class='ocrx_word' id='word_1_25' title='bbox 630 559 681 625; x_wconf 90' lang='lat' dir='ltr'>his</span> <span class='ocrx_word' id='word_1_26' title='bbox 704 560 906 646; x_wconf 78' lang='lat' dir='ltr'><strong>conspicitur,</strong></span> <span class='ocrx_word' id='word_1_27' title='bbox 929 559 1040 625; x_wconf 73' lang='lat' dir='ltr'>uideas</span> <span class='ocrx_word' id='word_1_28' title='bbox 1062 558 1144 624; x_wconf 77' lang='lat' dir='ltr'>infra</span> <span class='ocrx_word' id='word_1_29' title='bbox 1163 581 1195 644; x_wconf 88' lang='lat' dir='ltr'>p.</span> <span class='ocrx_word' id='word_1_30' title='bbox 1211 557 1262 622; x_wconf 98' lang='grc'>65.</span> <span class='ocrx_word' id='word_1_31' title='bbox 1387 617 1392 628; x_wconf 90' lang='grc'>,</span> 
     </span>
    </p>
   </div>
   <div class='ocr_carea' id='block_1_3' title="bbox 852 814 1122 934">
    <p class='ocr_par' dir='ltr' id='par_1_3' title="bbox 852 814 1122 934">
     <span class='ocr_line' id='line_1_4' title="bbox 852 814 1122 934; baseline -0.011 -20"><span class='ocrx_word' id='word_1_32' title='bbox 852 846 1068 934; x_wconf 83' lang='lat' dir='ltr'>Spirantes.</span> <span class='ocrx_word' id='word_1_33' title='bbox 1113 814 1122 832; x_wconf 36' lang='grc' dir='ltr'><strong><em>ι</em></strong></span> 
     </span>
    </p>
   </div>
   <div class='ocr_carea' id='block_1_4' title="bbox 53 919 1822 5014">
    <p class='ocr_par' dir='ltr' id='par_1_4' title="bbox 261 919 1805 1256">
     <span class='ocr_line' id='line_1_5' title="bbox 343 919 1720 1048; baseline -0.007 -16"><span class='ocrx_word' id='word_1_34' title='bbox 343 921 387 1032; x_wconf 87' lang='lat' dir='ltr'>H</span> <span class='ocrx_word' id='word_1_35' title='bbox 411 921 447 1032; x_wconf 78' lang='lat' dir='ltr'>S</span> <span class='ocrx_word' id='word_1_36' title='bbox 469 921 500 1030; x_wconf 82' lang='lat' dir='ltr'>d</span> <span class='ocrx_word' id='word_1_37' title='bbox 522 919 584 1029; x_wconf 76' lang='lat' dir='ltr'>V.</span> <span class='ocrx_word' id='word_1_38' title='bbox 631 965 755 1032; x_wconf 87' lang='lat' dir='ltr'>Horum</span> <span class='ocrx_word' id='word_1_39' title='bbox 777 990 925 1032; x_wconf 90' lang='lat' dir='ltr'>sonorum</span> <span class='ocrx_word' id='word_1_40' title='bbox 951 966 1020 1033; x_wconf 93' lang='lat' dir='ltr'>bini</span> <span class='ocrx_word' id='word_1_41' title='bbox 1042 973 1116 1031; x_wconf 91' lang='lat' dir='ltr'>sunt</span> <span class='ocrx_word' id='word_1_42' title='bbox 1141 965 1267 1046; x_wconf 87' lang='lat' dir='ltr'>affines,</span> <span class='ocrx_word' id='word_1_43' title='bbox 1295 964 1316 1028; x_wconf 77' lang='lat' dir='ltr'>la</span> <span class='ocrx_word' id='word_1_44' title='bbox 1343 972 1410 1028; x_wconf 91' lang='lat' dir='ltr'>ets</span> <span class='ocrx_word' id='word_1_45' title='bbox 1435 982 1530 1027; x_wconf 82' lang='lat' dir='ltr'>verae</span> <span class='ocrx_word' id='word_1_46' title='bbox 1557 960 1720 1048; x_wconf 79' lang='lat' dir='ltr'>spirantes</span> 
     </span>
     <span class='ocr_line' id='line_1_6' title="bbox 261 1061 1805 1157; baseline -0.008 -23"><span class='ocrx_word' id='word_1_47' title='bbox 261 1091 343 1157; x_wconf 90' lang='lat' dir='ltr'>qnae</span> <span class='ocrx_word' id='word_1_48' title='bbox 365 1068 524 1132; x_wconf 71' lang='lat' dir='ltr'>alternent</span> <span class='ocrx_word' id='word_1_49' title='bbox 549 1066 634 1134; x_wconf 90' lang='lat' dir='ltr'>inter</span> <span class='ocrx_word' id='word_1_50' title='bbox 656 1091 728 1134; x_wconf 87' lang='lat' dir='ltr'>sese</span> <span class='ocrx_word' id='word_1_51' title='bbox 754 1070 788 1133; x_wconf 92' lang='lat' dir='ltr'>in</span> <span class='ocrx_word' id='word_1_52' title='bbox 809 1069 953 1154; x_wconf 79' lang='lat' dir='ltr'><strong>plurimis</strong></span> <span class='ocrx_word' id='word_1_53' title='bbox 974 1068 1107 1154; x_wconf 86' lang='lat' dir='ltr'>linguis,</span> <span class='ocrx_word' id='word_1_54' title='bbox 1127 1067 1148 1149; x_wconf 80' lang='lat' dir='ltr'><strong><em>j</em></strong></span> <span class='ocrx_word' id='word_1_55' title='bbox 1169 1076 1201 1132; x_wconf 92' lang='lat' dir='ltr'>et</span> <span class='ocrx_word' id='word_1_56' title='bbox 1221 1090 1238 1129; x_wconf 87' lang='grc'>6</span> <span class='ocrx_word' id='word_1_57' title='bbox 1267 1075 1354 1131; x_wconf 87' lang='lat' dir='ltr'>ortae</span> <span class='ocrx_word' id='word_1_58' title='bbox 1376 1087 1394 1130; x_wconf 89' lang='lat' dir='ltr'>e</span> <span class='ocrx_word' id='word_1_59' title='bbox 1415 1061 1580 1130; x_wconf 87' lang='lat' dir='ltr'>vocalibus</span> <span class='ocrx_word' id='word_1_60' title='bbox 1601 1062 1614 1124; x_wconf 82' lang='lat' dir='ltr'>i</span> <span class='ocrx_word' id='word_1_61' title='bbox 1644 1069 1678 1125; x_wconf 89' lang='lat' dir='ltr'>et</span> <span class='ocrx_word' id='word_1_62' title='bbox 1702 1083 1724 1122; x_wconf 84' lang='lat' dir='ltr'>a</span> <span class='ocrx_word' id='word_1_63' title='bbox 1802 1065 1805 1074; x_wconf 86' lang='lat'>&#39;</span> 
     </span>
     <span class='ocr_line' id='line_1_7' title="bbox 261 1156 1723 1256; baseline -0.008 -20"><span class='ocrx_word' id='word_1_64' title='bbox 261 1170 399 1236; x_wconf 84' lang='lat' dir='ltr'>admixta</span> <span class='ocrx_word' id='word_1_65' title='bbox 420 1167 593 1255; x_wconf 81' lang='lat' dir='ltr'>spiratione</span> <span class='ocrx_word' id='word_1_66' title='bbox 616 1169 730 1256; x_wconf 89' lang='lat' dir='ltr'>aliqua.</span> <span class='ocrx_word' id='word_1_67' title='bbox 769 1156 980 1256; x_wconf 82' lang='lat' dir='ltr'>Utrorumqne</span> <span class='ocrx_word' id='word_1_68' title='bbox 1002 1170 1134 1256; x_wconf 86' lang='lat' dir='ltr'>priores,</span> <span class='ocrx_word' id='word_1_69' title='bbox 1157 1171 1177 1233; x_wconf 76' lang='lat' dir='ltr'>la</span> <span class='ocrx_word' id='word_1_70' title='bbox 1199 1177 1231 1234; x_wconf 87' lang='lat' dir='ltr'>et</span> <span class='ocrx_word' id='word_1_71' title='bbox 1244 1169 1272 1250; x_wconf 82' lang='lat' dir='ltr'>j,</span> <span class='ocrx_word' id='word_1_72' title='bbox 1295 1167 1466 1235; x_wconf 84' lang='lat' dir='ltr'>debiliores</span> <span class='ocrx_word' id='word_1_73' title='bbox 1489 1164 1552 1230; x_wconf 86' lang='lat' dir='ltr'>dici</span> <span class='ocrx_word' id='word_1_74' title='bbox 1575 1169 1723 1250; x_wconf 81' lang='lat' dir='ltr'>possunt,</span> 
     </span>
    </p>

    <p class='ocr_par' dir='ltr' id='par_1_5' title="bbox 237 1263 1727 1866">
     <span class='ocr_line' id='line_1_8' title="bbox 237 1263 1727 1359; baseline -0.007 -23"><span class='ocrx_word' id='word_1_75' title='bbox 237 1313 240 1327; x_wconf 59' lang='grc' dir='ltr'>ι</span> <span class='ocrx_word' id='word_1_76' title='bbox 262 1273 317 1358; x_wconf 88' lang='lat' dir='ltr'>qui</span> <span class='ocrx_word' id='word_1_77' title='bbox 331 1270 401 1338; x_wconf 91' lang='lat' dir='ltr'>soni</span> <span class='ocrx_word' id='word_1_78' title='bbox 415 1291 476 1334; x_wconf 91' lang='lat' dir='ltr'>nec</span> <span class='ocrx_word' id='word_1_79' title='bbox 492 1270 602 1335; x_wconf 90' lang='lat' dir='ltr'>eadem</span> <span class='ocrx_word' id='word_1_80' title='bbox 618 1271 682 1336; x_wconf 90' lang='lat' dir='ltr'>sint</span> <span class='ocrx_word' id='word_1_81' title='bbox 694 1272 872 1359; x_wconf 85' lang='lat' dir='ltr'>frequentia</span> <span class='ocrx_word' id='word_1_82' title='bbox 892 1272 955 1337; x_wconf 91' lang='lat' dir='ltr'>iam</span> <span class='ocrx_word' id='word_1_83' title='bbox 976 1271 1011 1336; x_wconf 92' lang='lat' dir='ltr'>in</span> <span class='ocrx_word' id='word_1_84' title='bbox 1032 1281 1159 1337; x_wconf 87' lang='lat' dir='ltr'>vetusta</span> <span class='ocrx_word' id='word_1_85' title='bbox 1178 1270 1287 1356; x_wconf 84' lang='lat' dir='ltr'>lingua</span> <span class='ocrx_word' id='word_1_86' title='bbox 1309 1269 1431 1350; x_wconf 87' lang='lat' dir='ltr'>celtica,</span> <span class='ocrx_word' id='word_1_87' title='bbox 1452 1287 1514 1332; x_wconf 87' lang='lat' dir='ltr'>nec</span> <span class='ocrx_word' id='word_1_88' title='bbox 1536 1267 1644 1330; x_wconf 88' lang='lat' dir='ltr'>eadem</span> <span class='ocrx_word' id='word_1_89' title='bbox 1668 1263 1727 1326; x_wconf 91' lang='lat' dir='ltr'>dn·</span> 
     </span>
     <span class='ocr_line' id='line_1_9' title="bbox 260 1363 1727 1460; baseline -0.007 -22"><span class='ocrx_word' id='word_1_90' title='bbox 260 1374 352 1438; x_wconf 88' lang='lat' dir='ltr'>randi</span> <span class='ocrx_word' id='word_1_91' title='bbox 372 1373 406 1436; x_wconf 84' lang='lat' dir='ltr'>vi</span> <span class='ocrx_word' id='word_1_92' title='bbox 426 1372 462 1436; x_wconf 90' lang='lat' dir='ltr'>in</span> <span class='ocrx_word' id='word_1_93' title='bbox 483 1371 659 1438; x_wconf 84' lang='lat' dir='ltr'>recentiore</span> <span class='ocrx_word' id='word_1_94' title='bbox 680 1374 808 1460; x_wconf 78' lang='lat' dir='ltr'>linguae</span> <span class='ocrx_word' id='word_1_95' title='bbox 830 1373 1085 1455; x_wconf 83' lang='lat' dir='ltr'>conformatione,</span> <span class='ocrx_word' id='word_1_96' title='bbox 1109 1396 1172 1460; x_wconf 89' lang='lat' dir='ltr'>qua</span> <span class='ocrx_word' id='word_1_97' title='bbox 1191 1371 1385 1458; x_wconf 84' lang='lat' dir='ltr'>posteriores</span> <span class='ocrx_word' id='word_1_98' title='bbox 1409 1377 1441 1436; x_wconf 90' lang='lat' dir='ltr'>et</span> <span class='ocrx_word' id='word_1_99' title='bbox 1458 1369 1616 1434; x_wconf 86' lang='lat' dir='ltr'>fortiores.</span> <span class='ocrx_word' id='word_1_100' title='bbox 1658 1363 1727 1428; x_wconf 89' lang='lat' dir='ltr'>Ita-</span> 
     </span>
     <span class='ocr_line' id='line_1_10' title="bbox 264 1469 1727 1562; baseline -0.009 -20"><span class='ocrx_word' id='word_1_101' title='bbox 264 1499 325 1562; x_wconf 90' lang='lat' dir='ltr'>que</span> <span class='ocrx_word' id='word_1_102' title='bbox 348 1476 376 1539; x_wconf 91' lang='lat' dir='ltr'>si</span> <span class='ocrx_word' id='word_1_103' title='bbox 397 1473 543 1538; x_wconf 88' lang='lat' dir='ltr'>fortiores</span> <span class='ocrx_word' id='word_1_104' title='bbox 565 1473 611 1537; x_wconf 90' lang='lat' dir='ltr'>illi</span> <span class='ocrx_word' id='word_1_105' title='bbox 626 1474 706 1557; x_wconf 91' lang='lat' dir='ltr'>soni,</span> <span class='ocrx_word' id='word_1_106' title='bbox 728 1499 744 1539; x_wconf 86' lang='lat' dir='ltr'>e</span> <span class='ocrx_word' id='word_1_107' title='bbox 765 1485 798 1540; x_wconf 91' lang='lat' dir='ltr'>et</span> <span class='ocrx_word' id='word_1_108' title='bbox 817 1500 843 1556; x_wconf 87' lang='lat' dir='ltr'>o,</span> <span class='ocrx_word' id='word_1_109' title='bbox 869 1469 1012 1561; x_wconf 85' lang='lat' dir='ltr'>exparte</span> <span class='ocrx_word' id='word_1_110' title='bbox 1032 1483 1154 1540; x_wconf 87' lang='lat' dir='ltr'>tantum</span> <span class='ocrx_word' id='word_1_111' title='bbox 1174 1473 1372 1561; x_wconf 86' lang='lat' dir='ltr'>pertulerunt</span> <span class='ocrx_word' id='word_1_112' title='bbox 1392 1471 1627 1558; x_wconf 89' lang='lat' dir='ltr'>oppositionem</span> <span class='ocrx_word' id='word_1_113' title='bbox 1649 1489 1727 1530; x_wconf 91' lang='lat' dir='ltr'>con-</span> 
     </span>
     <span class='ocr_line' id='line_1_11' title="bbox 262 1566 1727 1662; baseline -0.006 -20"><span class='ocrx_word' id='word_1_114' title='bbox 262 1599 409 1643; x_wconf 78' lang='lat' dir='ltr'>sonarum</span> <span class='ocrx_word' id='word_1_115' title='bbox 435 1574 630 1640; x_wconf 79' lang='lat' dir='ltr'>hibernicam</span> <span class='ocrx_word' id='word_1_116' title='bbox 655 1598 716 1641; x_wconf 89' lang='lat' dir='ltr'>nec</span> <span class='ocrx_word' id='word_1_117' title='bbox 737 1583 862 1662; x_wconf 88' lang='lat' dir='ltr'>praeter</span> <span class='ocrx_word' id='word_1_118' title='bbox 884 1585 1001 1642; x_wconf 87' lang='lat' dir='ltr'>statum</span> <span class='ocrx_word' id='word_1_119' title='bbox 1023 1576 1182 1642; x_wconf 89' lang='lat' dir='ltr'>duriorem</span> <span class='ocrx_word' id='word_1_120' title='bbox 1209 1583 1282 1641; x_wconf 91' lang='lat' dir='ltr'>sunt</span> <span class='ocrx_word' id='word_1_121' title='bbox 1304 1575 1437 1655; x_wconf 83' lang='lat' dir='ltr'>servati,</span> <span class='ocrx_word' id='word_1_122' title='bbox 1467 1572 1525 1639; x_wconf 90' lang='lat' dir='ltr'>sed</span> <span class='ocrx_word' id='word_1_123' title='bbox 1552 1566 1727 1637; x_wconf 81' lang='lat' dir='ltr'>oblitterati</span> 
     </span>
     <span class='ocr_line' id='line_1_12' title="bbox 262 1671 1726 1758; baseline -0.008 -14"><span class='ocrx_word' id='word_1_124' title='bbox 262 1679 451 1758; x_wconf 85' lang='lat' dir='ltr'>infectione,</span> <span class='ocrx_word' id='word_1_125' title='bbox 478 1676 654 1740; x_wconf 90' lang='lat' dir='ltr'>mirandum</span> <span class='ocrx_word' id='word_1_126' title='bbox 680 1698 745 1741; x_wconf 91' lang='lat' dir='ltr'>non</span> <span class='ocrx_word' id='word_1_127' title='bbox 771 1688 821 1742; x_wconf 90' lang='lat' dir='ltr'>est</span> <span class='ocrx_word' id='word_1_128' title='bbox 849 1676 1019 1744; x_wconf 86' lang='lat' dir='ltr'>debiliores</span> <span class='ocrx_word' id='word_1_129' title='bbox 1047 1678 1192 1744; x_wconf 82' lang='lat' dir='ltr'>exomni</span> <span class='ocrx_word' id='word_1_130' title='bbox 1219 1679 1326 1744; x_wconf 77' lang='lat' dir='ltr'>radice</span> <span class='ocrx_word' id='word_1_131' title='bbox 1352 1675 1517 1741; x_wconf 87' lang='lat' dir='ltr'>hibernica</span> <span class='ocrx_word' id='word_1_132' title='bbox 1543 1671 1726 1739; x_wconf 83' lang='lat' dir='ltr'>evanuisse.</span> 
     </span>
     <span class='ocr_line' id='line_1_13' title="bbox 261 1778 1360 1866; baseline 0 -22"><span class='ocrx_word' id='word_1_133' title='bbox 261 1779 447 1844; x_wconf 89' lang='lat' dir='ltr'>Britannica</span> <span class='ocrx_word' id='word_1_134' title='bbox 468 1778 628 1863; x_wconf 84' lang='lat' dir='ltr'>quoquej</span> <span class='ocrx_word' id='word_1_135' title='bbox 648 1778 682 1842; x_wconf 92' lang='lat' dir='ltr'>in</span> <span class='ocrx_word' id='word_1_136' title='bbox 703 1778 861 1866; x_wconf 86' lang='lat' dir='ltr'>principio</span> <span class='ocrx_word' id='word_1_137' title='bbox 884 1789 1004 1845; x_wconf 89' lang='lat' dir='ltr'>tantum</span> <span class='ocrx_word' id='word_1_138' title='bbox 1025 1802 1140 1846; x_wconf 79' lang='lat' dir='ltr'>vocum</span> <span class='ocrx_word' id='word_1_139' title='bbox 1162 1790 1289 1846; x_wconf 86' lang='lat' dir='ltr'>servata</span> <span class='ocrx_word' id='word_1_140' title='bbox 1302 1787 1360 1846; x_wconf 90' lang='lat' dir='ltr'>est.</span> 
     </span>
    </p>

    <p class='ocr_par' dir='ltr' id='par_1_6' title="bbox 344 1873 1731 1968">
     <span class='ocr_line' id='line_1_14' title="bbox 344 1873 1731 1968; baseline -0.009 -20"><span class='ocrx_word' id='word_1_141' title='bbox 344 1881 379 1948; x_wconf 89' lang='lat' dir='ltr'>H</span> <span class='ocrx_word' id='word_1_142' title='bbox 408 1889 442 1942; x_wconf 91' lang='lat' dir='ltr'>et</span> <span class='ocrx_word' id='word_1_143' title='bbox 462 1877 485 1946; x_wconf 87' lang='lat' dir='ltr'>S</span> <span class='ocrx_word' id='word_1_144' title='bbox 512 1879 547 1942; x_wconf 93' lang='lat' dir='ltr'>in</span> <span class='ocrx_word' id='word_1_145' title='bbox 567 1880 702 1945; x_wconf 88' lang='lat' dir='ltr'>vetustis</span> <span class='ocrx_word' id='word_1_146' title='bbox 724 1881 906 1947; x_wconf 88' lang='lat' dir='ltr'>nominibus</span> <span class='ocrx_word' id='word_1_147' title='bbox 928 1882 1063 1968; x_wconf 85' lang='lat' dir='ltr'>gallicis.</span> <span class='ocrx_word' id='word_1_148' title='bbox 1097 1879 1146 1946; x_wconf 88' lang='lat' dir='ltr'>H:</span> <span class='ocrx_word' id='word_1_149' title='bbox 1174 1879 1339 1966; x_wconf 86' lang='lat' dir='ltr'>Hercynia</span> <span class='ocrx_word' id='word_1_150' title='bbox 1361 1881 1442 1948; x_wconf 80' lang='lat' dir='ltr'>silva</span> <span class='ocrx_word' id='word_1_151' title='bbox 1463 1877 1557 1946; x_wconf 88' lang='lat' dir='ltr'>Caes.</span> <span class='ocrx_word' id='word_1_152' title='bbox 1586 1883 1620 1940; x_wconf 88' lang='lat' dir='ltr'>et</span> <span class='ocrx_word' id='word_1_153' title='bbox 1641 1873 1731 1960; x_wconf 89' lang='lat' dir='ltr'>apud</span> 
     </span>
    </p>

    <p class='ocr_par' dir='ltr' id='par_1_7' title="bbox 166 1973 1732 2172">
     <span class='ocr_line' id='line_1_15' title="bbox 166 1973 1732 2071; baseline -0.006 -23"><span class='ocrx_word' id='word_1_154' title='bbox 166 1989 168 1996; x_wconf 81' lang='grc'><strong>“</strong></span> <span class='ocrx_word' id='word_1_155' title='bbox 264 1983 434 2070; x_wconf 80' lang='lat' dir='ltr'>scriptores</span> <span class='ocrx_word' id='word_1_156' title='bbox 456 1983 572 2048; x_wconf 86' lang='lat' dir='ltr'>latinos</span> <span class='ocrx_word' id='word_1_157' title='bbox 594 1990 670 2068; x_wconf 89' lang='lat' dir='ltr'>post</span> <span class='ocrx_word' id='word_1_158' title='bbox 691 1982 833 2064; x_wconf 91' lang='lat' dir='ltr'>eundem,</span> <span class='ocrx_word' id='word_1_159' title='bbox 857 1991 892 2046; x_wconf 91' lang='lat' dir='ltr'>ut</span> <span class='ocrx_word' id='word_1_160' title='bbox 906 1983 1118 2049; x_wconf 83' lang='lat' dir='ltr'>Hercuniates</span> <span class='ocrx_word' id='word_1_161' title='bbox 1141 1983 1272 2067; x_wconf 90' lang='lat' dir='ltr'>(nomen</span> <span class='ocrx_word' id='word_1_162' title='bbox 1292 1983 1404 2071; x_wconf 92' lang='lat' dir='ltr'>populi</span> <span class='ocrx_word' id='word_1_163' title='bbox 1418 1977 1618 2059; x_wconf 87' lang='lat' dir='ltr'>Pannoniae)</span> <span class='ocrx_word' id='word_1_164' title='bbox 1642 1973 1732 2060; x_wconf 88' lang='lat' dir='ltr'>apud</span> 
     </span>
     <span class='ocr_line' id='line_1_16' title="bbox 261 2073 1730 2172; baseline -0.007 -21"><span class='ocrx_word' id='word_1_165' title='bbox 261 2086 411 2168; x_wconf 89' lang='lat' dir='ltr'>Plinium,</span> <span class='ocrx_word' id='word_1_166' title='bbox 435 2084 493 2151; x_wconf 92' lang='lat' dir='ltr'>sed</span> <span class='ocrx_word' id='word_1_167' title='bbox 509 2075 666 2166; x_wconf 77' lang='grc' dir='ltr'><strong><em>Ἀρκύνια</em></strong></span> <span class='ocrx_word' id='word_1_168' title='bbox 690 2073 752 2169; x_wconf 68' lang='grc' dir='ltr'>ὅρη</span> <span class='ocrx_word' id='word_1_169' title='bbox 775 2107 826 2170; x_wconf 88' lang='lat' dir='ltr'>ap.</span> <span class='ocrx_word' id='word_1_170' title='bbox 848 2085 999 2166; x_wconf 84' lang='lat' dir='ltr'>Aristot,</span> <span class='ocrx_word' id='word_1_171' title='bbox 1023 2084 1166 2172; x_wconf 87' lang='lat' dir='ltr'>Orcynia</span> <span class='ocrx_word' id='word_1_172' title='bbox 1186 2085 1271 2171; x_wconf 87' lang='lat' dir='ltr'>apud</span> <span class='ocrx_word' id='word_1_173' title='bbox 1293 2087 1465 2172; x_wconf 82' lang='lat' dir='ltr'>scriptores</span> <span class='ocrx_word' id='word_1_174' title='bbox 1487 2101 1619 2168; x_wconf 73' lang='lat' dir='ltr'>graecos</span> <span class='ocrx_word' id='word_1_175' title='bbox 1641 2085 1730 2142; x_wconf 84' lang='lat' dir='ltr'>teste</span> 
     </span>
    </p>

    <p class='ocr_par' dir='ltr' id='par_1_8' title="bbox 143 2180 1733 2374">
     <span class='ocr_line' id='line_1_17' title="bbox 143 2180 1731 2273; baseline -0.007 -19"><span class='ocrx_word' id='word_1_176' title='bbox 143 2234 148 2262; x_wconf 83' lang='lat'>.</span> <span class='ocrx_word' id='word_1_177' title='bbox 185 2255 188 2260; x_wconf 52' lang='lat'>.</span> <span class='ocrx_word' id='word_1_178' title='bbox 263 2187 413 2255; x_wconf 89' lang='lat' dir='ltr'>Caesare.</span> <span class='ocrx_word' id='word_1_179' title='bbox 447 2186 565 2267; x_wconf 83' lang='lat' dir='ltr'>Helvii,</span> <span class='ocrx_word' id='word_1_180' title='bbox 589 2184 732 2250; x_wconf 86' lang='lat' dir='ltr'>Helvetii</span> <span class='ocrx_word' id='word_1_181' title='bbox 754 2184 859 2268; x_wconf 82' lang='lat' dir='ltr'>Caes,</span> <span class='ocrx_word' id='word_1_182' title='bbox 883 2187 940 2251; x_wconf 92' lang='lat' dir='ltr'>sed</span> <span class='ocrx_word' id='word_1_183' title='bbox 961 2185 1084 2268; x_wconf 68' lang='lat' dir='ltr'>Eleius,</span> <span class='ocrx_word' id='word_1_184' title='bbox 1106 2185 1241 2253; x_wconf 81' lang='lat' dir='ltr'>Elvorix</span> <span class='ocrx_word' id='word_1_185' title='bbox 1261 2187 1295 2251; x_wconf 93' lang='lat' dir='ltr'>in</span> <span class='ocrx_word' id='word_1_186' title='bbox 1317 2187 1526 2273; x_wconf 84' lang='lat' dir='ltr'>inscriptione</span> <span class='ocrx_word' id='word_1_187' title='bbox 1548 2180 1731 2249; x_wconf 72' lang='lat' dir='ltr'>Medioma</span> 
     </span>
     <span class='ocr_line' id='line_1_18' title="bbox 262 2281 1733 2374; baseline -0.006 -19"><span class='ocrx_word' id='word_1_188' title='bbox 262 2290 395 2356; x_wconf 91' lang='lat' dir='ltr'>tricensi</span> <span class='ocrx_word' id='word_1_189' title='bbox 415 2286 523 2372; x_wconf 82' lang='lat' dir='ltr'>(Grut.</span> <span class='ocrx_word' id='word_1_190' title='bbox 544 2287 661 2374; x_wconf 55' lang='lat'>1210,</span> <span class='ocrx_word' id='word_1_191' title='bbox 682 2287 781 2355; x_wconf 87' lang='lat' dir='ltr'>Stein.</span> <span class='ocrx_word' id='word_1_192' title='bbox 798 2287 886 2373; x_wconf 83' lang='lat'>996),</span> <span class='ocrx_word' id='word_1_193' title='bbox 908 2287 1055 2353; x_wconf 73' lang='lat' dir='ltr'>Electins</span> <span class='ocrx_word' id='word_1_194' title='bbox 1077 2287 1111 2352; x_wconf 93' lang='lat' dir='ltr'>in</span> <span class='ocrx_word' id='word_1_195' title='bbox 1132 2289 1228 2354; x_wconf 88' lang='lat' dir='ltr'>inser.</span> <span class='ocrx_word' id='word_1_196' title='bbox 1250 2288 1367 2354; x_wconf 86' lang='lat' dir='ltr'>helvet.</span> <span class='ocrx_word' id='word_1_197' title='bbox 1392 2287 1505 2371; x_wconf 88' lang='lat' dir='ltr'>(Orell.</span> <span class='ocrx_word' id='word_1_198' title='bbox 1522 2285 1617 2370; x_wconf 79' lang='grc' dir='ltr'>Ι460).</span> <span class='ocrx_word' id='word_1_199' title='bbox 1646 2281 1733 2348; x_wconf 81' lang='lat' dir='ltr'>Item</span> 
     </span>
    </p>

    <p class='ocr_par' dir='ltr' id='par_1_9' title="bbox 264 2385 1732 2478">
     <span class='ocr_line' id='line_1_19' title="bbox 264 2385 1732 2478; baseline -0.004 -22"><span class='ocrx_word' id='word_1_200' title='bbox 264 2392 349 2478; x_wconf 90' lang='lat' dir='ltr'>apud</span> <span class='ocrx_word' id='word_1_201' title='bbox 369 2389 509 2455; x_wconf 89' lang='lat' dir='ltr'>Plinium</span> <span class='ocrx_word' id='word_1_202' title='bbox 531 2390 580 2469; x_wconf 87' lang='lat'>26,</span> <span class='ocrx_word' id='word_1_203' title='bbox 604 2390 639 2452; x_wconf 92' lang='lat'>7:</span> <span class='ocrx_word' id='word_1_204' title='bbox 667 2389 756 2453; x_wconf 78' lang='lat' dir='ltr'>bulas</span> <span class='ocrx_word' id='word_1_205' title='bbox 779 2411 872 2476; x_wconf 87' lang='lat' dir='ltr'>quam</span> <span class='ocrx_word' id='word_1_206' title='bbox 894 2388 981 2456; x_wconf 86' lang='lat' dir='ltr'>Galli</span> <span class='ocrx_word' id='word_1_207' title='bbox 1003 2391 1051 2456; x_wconf 90' lang='lat' dir='ltr'>sio</span> <span class='ocrx_word' id='word_1_208' title='bbox 1072 2400 1202 2474; x_wconf 86' lang='lat' dir='ltr'>vocant,</span> <span class='ocrx_word' id='word_1_209' title='bbox 1224 2390 1341 2455; x_wconf 85' lang='lat' dir='ltr'>Veneti</span> <span class='ocrx_word' id='word_1_210' title='bbox 1364 2397 1529 2455; x_wconf 86' lang='lat' dir='ltr'>cotoneam</span> <span class='ocrx_word' id='word_1_211' title='bbox 1550 2385 1732 2468; x_wconf 85' lang='lat' dir='ltr'>(herbam);</span> 
     </span>
    </p>

    <p class='ocr_par' dir='ltr' id='par_1_10' title="bbox 264 2485 1733 2580">
     <span class='ocr_line' id='line_1_20' title="bbox 264 2485 1733 2580; baseline -0.005 -22"><span class='ocrx_word' id='word_1_212' title='bbox 264 2494 322 2558; x_wconf 89' lang='lat' dir='ltr'>sed</span> <span class='ocrx_word' id='word_1_213' title='bbox 343 2493 394 2572; x_wconf 90' lang='lat'>27,</span> <span class='ocrx_word' id='word_1_214' title='bbox 411 2492 445 2555; x_wconf 81' lang='lat' dir='ltr'>s:</span> <span class='ocrx_word' id='word_1_215' title='bbox 469 2493 554 2556; x_wconf 79' lang='lat' dir='ltr'>aluos</span> <span class='ocrx_word' id='word_1_216' title='bbox 575 2511 636 2556; x_wconf 91' lang='lat' dir='ltr'>nos</span> <span class='ocrx_word' id='word_1_217' title='bbox 658 2511 823 2574; x_wconf 74' lang='grc'><strong>00660106,</strong></span> <span class='ocrx_word' id='word_1_218' title='bbox 852 2490 970 2558; x_wconf 87' lang='lat' dir='ltr'>Graeci</span> <span class='ocrx_word' id='word_1_219' title='bbox 993 2492 1183 2580; x_wconf 82' lang='lat' dir='ltr'>symphyton</span> <span class='ocrx_word' id='word_1_220' title='bbox 1205 2501 1377 2580; x_wconf 85' lang='lat' dir='ltr'>petraeum.</span> <span class='ocrx_word' id='word_1_221' title='bbox 1427 2491 1501 2556; x_wconf 89' lang='lat' dir='ltr'>Non</span> <span class='ocrx_word' id='word_1_222' title='bbox 1522 2487 1675 2554; x_wconf 88' lang='lat' dir='ltr'>radicalis</span> <span class='ocrx_word' id='word_1_223' title='bbox 1698 2485 1733 2550; x_wconf 90' lang='lat' dir='ltr'>in</span> 
     </span>
    </p>

    <p class='ocr_par' dir='ltr' id='par_1_11' title="bbox 264 2585 1734 2681">
     <span class='ocr_line' id='line_1_21' title="bbox 264 2585 1734 2681; baseline -0.004 -23"><span class='ocrx_word' id='word_1_224' title='bbox 264 2594 315 2660; x_wconf 91' lang='lat' dir='ltr'>his</span> <span class='ocrx_word' id='word_1_225' title='bbox 338 2592 408 2660; x_wconf 85' lang='lat' dir='ltr'>sine</span> <span class='ocrx_word' id='word_1_226' title='bbox 429 2592 526 2659; x_wconf 90' lang='lat' dir='ltr'>dnbio</span> <span class='ocrx_word' id='word_1_227' title='bbox 547 2593 583 2675; x_wconf 81' lang='lat' dir='ltr'>la,</span> <span class='ocrx_word' id='word_1_228' title='bbox 614 2593 672 2659; x_wconf 89' lang='lat' dir='ltr'>sed</span> <span class='ocrx_word' id='word_1_229' title='bbox 694 2593 803 2659; x_wconf 87' lang='lat' dir='ltr'>addita</span> <span class='ocrx_word' id='word_1_230' title='bbox 824 2593 934 2659; x_wconf 91' lang='lat' dir='ltr'>eodem</span> <span class='ocrx_word' id='word_1_231' title='bbox 956 2594 1048 2659; x_wconf 92' lang='lat' dir='ltr'>modo</span> <span class='ocrx_word' id='word_1_232' title='bbox 1071 2616 1133 2681; x_wconf 93' lang='lat' dir='ltr'>quo</span> <span class='ocrx_word' id='word_1_233' title='bbox 1156 2594 1191 2658; x_wconf 88' lang='lat' dir='ltr'>in</span> <span class='ocrx_word' id='word_1_234' title='bbox 1211 2594 1393 2660; x_wconf 90' lang='lat' dir='ltr'>nominibus</span> <span class='ocrx_word' id='word_1_235' title='bbox 1415 2590 1550 2658; x_wconf 84' lang='lat' dir='ltr'>vetustis</span> <span class='ocrx_word' id='word_1_236' title='bbox 1571 2585 1734 2675; x_wconf 81' lang='lat' dir='ltr'>germani·</span> 
     </span>
    </p>

    <p class='ocr_par' dir='ltr' id='par_1_12' title="bbox 264 2689 1735 2882">
     <span class='ocr_line' id='line_1_22' title="bbox 266 2689 1735 2776; baseline -0.005 -15"><span class='ocrx_word' id='word_1_237' title='bbox 266 2697 313 2761; x_wconf 90' lang='lat' dir='ltr'>cis</span> <span class='ocrx_word' id='word_1_238' title='bbox 335 2695 563 2776; x_wconf 87' lang='lat' dir='ltr'>Herminones,</span> <span class='ocrx_word' id='word_1_239' title='bbox 586 2693 809 2760; x_wconf 86' lang='lat' dir='ltr'>Hermunduri.</span> <span class='ocrx_word' id='word_1_240' title='bbox 846 2695 910 2760; x_wconf 85' lang='lat' dir='ltr'>Vix</span> <span class='ocrx_word' id='word_1_241' title='bbox 932 2696 1023 2760; x_wconf 88' lang='lat' dir='ltr'>aliter</span> <span class='ocrx_word' id='word_1_242' title='bbox 1043 2694 1077 2760; x_wconf 92' lang='lat' dir='ltr'>in</span> <span class='ocrx_word' id='word_1_243' title='bbox 1099 2695 1211 2762; x_wconf 86' lang='lat' dir='ltr'>mediis</span> <span class='ocrx_word' id='word_1_244' title='bbox 1233 2695 1380 2763; x_wconf 84' lang='lat' dir='ltr'>vocibus:</span> <span class='ocrx_word' id='word_1_245' title='bbox 1402 2693 1532 2760; x_wconf 77' lang='lat' dir='ltr'>Vahalis</span> <span class='ocrx_word' id='word_1_246' title='bbox 1545 2689 1642 2758; x_wconf 78' lang='lat' dir='ltr'>Caes.</span> <span class='ocrx_word' id='word_1_247' title='bbox 1667 2689 1735 2773; x_wconf 77' lang='lat' dir='ltr'>(at</span> 
     </span>
     <span class='ocr_line' id='line_1_23' title="bbox 264 2793 1734 2882; baseline -0.005 -20"><span class='ocrx_word' id='word_1_248' title='bbox 264 2808 370 2864; x_wconf 87' lang='lat' dir='ltr'>tamen</span> <span class='ocrx_word' id='word_1_249' title='bbox 390 2797 531 2880; x_wconf 84' lang='lat' dir='ltr'>Vacalis,</span> <span class='ocrx_word' id='word_1_250' title='bbox 553 2797 705 2863; x_wconf 86' lang='lat' dir='ltr'>Vachalis</span> <span class='ocrx_word' id='word_1_251' title='bbox 727 2795 825 2882; x_wconf 90' lang='lat' dir='ltr'>aliis).</span> <span class='ocrx_word' id='word_1_252' title='bbox 868 2796 1038 2862; x_wconf 76' lang='lat' dir='ltr'>Drahonus</span> <span class='ocrx_word' id='word_1_253' title='bbox 1062 2797 1168 2881; x_wconf 82' lang='lat' dir='ltr'>(fluv.)</span> <span class='ocrx_word' id='word_1_254' title='bbox 1189 2800 1313 2864; x_wconf 84' lang='lat' dir='ltr'>Asson.</span> <span class='ocrx_word' id='word_1_255' title='bbox 1335 2797 1419 2862; x_wconf 88' lang='lat' dir='ltr'>Mos.</span> <span class='ocrx_word' id='word_1_256' title='bbox 1436 2797 1507 2862; x_wconf 85' lang='lat'>365.</span> <span class='ocrx_word' id='word_1_257' title='bbox 1538 2793 1734 2859; x_wconf 68' lang='lat' dir='ltr'>Leserenno</span> 
     </span>
    </p>

    <p class='ocr_par' dir='ltr' id='par_1_13' title="bbox 265 2893 1734 2986">
     <span class='ocr_line' id='line_1_24' title="bbox 265 2893 1734 2986; baseline -0.005 -20"><span class='ocrx_word' id='word_1_258' title='bbox 265 2900 357 2985; x_wconf 89' lang='lat' dir='ltr'>(deo)</span> <span class='ocrx_word' id='word_1_259' title='bbox 378 2898 480 2965; x_wconf 89' lang='lat' dir='ltr'>Inscr.</span> <span class='ocrx_word' id='word_1_260' title='bbox 508 2922 559 2986; x_wconf 90' lang='lat' dir='ltr'>ap.</span> <span class='ocrx_word' id='word_1_261' title='bbox 583 2899 681 2966; x_wconf 89' lang='lat' dir='ltr'>Orell.</span> <span class='ocrx_word' id='word_1_262' title='bbox 705 2899 797 2964; x_wconf 92' lang='grc'><strong>2020.</strong></span> <span class='ocrx_word' id='word_1_263' title='bbox 829 2898 1046 2965; x_wconf 79' lang='lat' dir='ltr'>Nehalenniae</span> <span class='ocrx_word' id='word_1_264' title='bbox 1068 2896 1177 2983; x_wconf 90' lang='lat' dir='ltr'>(deae)</span> <span class='ocrx_word' id='word_1_265' title='bbox 1208 2897 1304 2965; x_wconf 90' lang='lat' dir='ltr'>Orell.</span> <span class='ocrx_word' id='word_1_266' title='bbox 1328 2901 1420 2966; x_wconf 89' lang='grc'><strong>2029.</strong></span> <span class='ocrx_word' id='word_1_267' title='bbox 1443 2900 1493 2965; x_wconf 83' lang='grc'>30.</span> <span class='ocrx_word' id='word_1_268' title='bbox 1517 2899 1566 2962; x_wconf 87' lang='lat'>31.</span> <span class='ocrx_word' id='word_1_269' title='bbox 1618 2893 1660 2961; x_wconf 91' lang='lat' dir='ltr'>In</span> <span class='ocrx_word' id='word_1_270' title='bbox 1682 2894 1734 2957; x_wconf 91' lang='lat' dir='ltr'>in·</span> 
     </span>
    </p>

    <p class='ocr_par' dir='ltr' id='par_1_14' title="bbox 94 2997 1737 3291">
     <span class='ocr_line' id='line_1_25' title="bbox 94 2997 1735 3088; baseline -0.004 -21"><span class='ocrx_word' id='word_1_271' title='bbox 94 3081 98 3088; x_wconf 56' lang='lat'>.</span> <span class='ocrx_word' id='word_1_272' title='bbox 220 3067 221 3072; x_wconf 69' lang='grc'>,</span> <span class='ocrx_word' id='word_1_273' title='bbox 265 3001 490 3088; x_wconf 86' lang='lat' dir='ltr'>scriptionibus</span> <span class='ocrx_word' id='word_1_274' title='bbox 519 3001 697 3088; x_wconf 76' lang='lat' dir='ltr'>frequentia</span> <span class='ocrx_word' id='word_1_275' title='bbox 729 3001 858 3066; x_wconf 91' lang='lat' dir='ltr'>nomina</span> <span class='ocrx_word' id='word_1_276' title='bbox 878 3022 1031 3088; x_wconf 79' lang='lat' dir='ltr'>compos.</span> <span class='ocrx_word' id='word_1_277' title='bbox 1061 3003 1199 3067; x_wconf 77' lang='lat' dir='ltr'>-nelzaez</span> <span class='ocrx_word' id='word_1_278' title='bbox 1239 3002 1458 3084; x_wconf 88' lang='lat' dir='ltr'>Bumanehae,</span> <span class='ocrx_word' id='word_1_279' title='bbox 1491 2997 1735 3068; x_wconf 82' lang='lat' dir='ltr'>Maviatinehae</span> 
     </span>
     <span class='ocr_line' id='line_1_26' title="bbox 264 3100 1737 3192; baseline -0.003 -25"><span class='ocrx_word' id='word_1_280' title='bbox 264 3111 434 3185; x_wconf 86' lang='lat' dir='ltr'>matronae,</span> <span class='ocrx_word' id='word_1_281' title='bbox 457 3111 493 3166; x_wconf 93' lang='lat' dir='ltr'>ut</span> <span class='ocrx_word' id='word_1_282' title='bbox 507 3104 640 3186; x_wconf 86' lang='lat' dir='ltr'>videtur,</span> <span class='ocrx_word' id='word_1_283' title='bbox 664 3102 829 3170; x_wconf 83' lang='lat' dir='ltr'>Gallorum</span> <span class='ocrx_word' id='word_1_284' title='bbox 844 3103 931 3170; x_wconf 86' lang='lat' dir='ltr'>deae.</span> <span class='ocrx_word' id='word_1_285' title='bbox 972 3104 1013 3169; x_wconf 91' lang='lat' dir='ltr'>In</span> <span class='ocrx_word' id='word_1_286' title='bbox 1033 3105 1160 3172; x_wconf 91' lang='lat' dir='ltr'>nomine</span> <span class='ocrx_word' id='word_1_287' title='bbox 1181 3105 1347 3192; x_wconf 81' lang='lat' dir='ltr'>Euhages,</span> <span class='ocrx_word' id='word_1_288' title='bbox 1377 3104 1526 3169; x_wconf 85' lang='lat' dir='ltr'>adiuncto</span> <span class='ocrx_word' id='word_1_289' title='bbox 1552 3100 1671 3166; x_wconf 88' lang='lat' dir='ltr'>Bardis</span> <span class='ocrx_word' id='word_1_290' title='bbox 1703 3107 1737 3163; x_wconf 90' lang='lat' dir='ltr'>et</span> 
     </span>
     <span class='ocr_line' id='line_1_27' title="bbox 263 3203 1736 3291; baseline -0.003 -22"><span class='ocrx_word' id='word_1_291' title='bbox 263 3203 396 3270; x_wconf 89' lang='lat' dir='ltr'>Druidis</span> <span class='ocrx_word' id='word_1_292' title='bbox 411 3205 496 3290; x_wconf 90' lang='lat' dir='ltr'>apud</span> <span class='ocrx_word' id='word_1_293' title='bbox 510 3206 712 3270; x_wconf 90' lang='lat' dir='ltr'>Ammianum</span> <span class='ocrx_word' id='word_1_294' title='bbox 727 3203 792 3288; x_wconf 85' lang='lat'>(15,</span> <span class='ocrx_word' id='word_1_295' title='bbox 810 3204 854 3288; x_wconf 87' lang='lat'>9),</span> <span class='ocrx_word' id='word_1_296' title='bbox 875 3205 1021 3291; x_wconf 88' lang='lat' dir='ltr'>equidem</span> <span class='ocrx_word' id='word_1_297' title='bbox 1035 3230 1100 3272; x_wconf 92' lang='lat' dir='ltr'>non</span> <span class='ocrx_word' id='word_1_298' title='bbox 1114 3207 1208 3275; x_wconf 85' lang='lat' dir='ltr'>video</span> <span class='ocrx_word' id='word_1_299' title='bbox 1222 3210 1252 3290; x_wconf 80' lang='grc'>1,</span> <span class='ocrx_word' id='word_1_300' title='bbox 1276 3209 1333 3274; x_wconf 86' lang='grc'>666</span> <span class='ocrx_word' id='word_1_301' title='bbox 1347 3207 1428 3272; x_wconf 89' lang='lat' dir='ltr'>nihil</span> <span class='ocrx_word' id='word_1_302' title='bbox 1440 3207 1505 3272; x_wconf 89' lang='lat' dir='ltr'>nisi</span> <span class='ocrx_word' id='word_1_303' title='bbox 1517 3207 1598 3274; x_wconf 86' lang='lat' dir='ltr'>falso</span> <span class='ocrx_word' id='word_1_304' title='bbox 1613 3204 1736 3270; x_wconf 86' lang='lat' dir='ltr'>lectum</span> 
     </span>
    </p>

    <p class='ocr_par' dir='ltr' id='par_1_15' title="bbox 53 3302 1736 3394">
     <span class='ocr_line' id='line_1_28' title="bbox 53 3302 1736 3394; baseline 0.004 -29"><span class='ocrx_word' id='word_1_305' title='bbox 53 3333 60 3348; x_wconf 73' lang='lat'>.</span> <span class='ocrx_word' id='word_1_306' title='bbox 190 3377 191 3380; x_wconf 8' lang='grc' dir='ltr'><strong>Ἴ</strong></span> <span class='ocrx_word' id='word_1_307' title='bbox 270 3302 476 3366; x_wconf 73' lang='lat' dir='ltr'>OYATEIS</span> <span class='ocrx_word' id='word_1_308' title='bbox 500 3307 606 3392; x_wconf 84' lang='lat' dir='ltr'>graeci</span> <span class='ocrx_word' id='word_1_309' title='bbox 632 3305 729 3373; x_wconf 88' lang='lat' dir='ltr'>fontis</span> <span class='ocrx_word' id='word_1_310' title='bbox 752 3304 935 3389; x_wconf 87' lang='lat' dir='ltr'>(Strabonis</span> <span class='ocrx_word' id='word_1_311' title='bbox 956 3310 986 3388; x_wconf 88' lang='grc'>4,</span> <span class='ocrx_word' id='word_1_312' title='bbox 1003 3309 1055 3394; x_wconf 86' lang='grc'>4),</span> <span class='ocrx_word' id='word_1_313' title='bbox 1077 3310 1098 3374; x_wconf 92' lang='lat' dir='ltr'>i.</span> <span class='ocrx_word' id='word_1_314' title='bbox 1123 3333 1149 3375; x_wconf 93' lang='lat' dir='ltr'>e.</span> <span class='ocrx_word' id='word_1_315' title='bbox 1172 3316 1263 3376; x_wconf 77' lang='lat' dir='ltr'>vates</span> <span class='ocrx_word' id='word_1_316' title='bbox 1285 3310 1421 3394; x_wconf 89' lang='lat' dir='ltr'>(hibern.</span> <span class='ocrx_word' id='word_1_317' title='bbox 1443 3320 1506 3375; x_wconf 82' lang='lat' dir='ltr'>vet.</span> <span class='ocrx_word' id='word_1_318' title='bbox 1524 3308 1636 3391; x_wconf 71' lang='lat' dir='ltr'>saith).</span> <span class='ocrx_word' id='word_1_319' title='bbox 1681 3305 1736 3372; x_wconf 89' lang='lat' dir='ltr'>De</span> 
     </span>
    </p>

    <p class='ocr_par' dir='ltr' id='par_1_16' title="bbox 250 3405 1393 3498">
     <span class='ocr_line' id='line_1_29' title="bbox 250 3405 1393 3498; baseline 0.005 -29"><span class='ocrx_word' id='word_1_320' title='bbox 250 3407 285 3498; x_wconf 80' lang='grc'><strong>1</strong></span> <span class='ocrx_word' id='word_1_321' title='bbox 308 3407 342 3470; x_wconf 91' lang='lat' dir='ltr'>in</span> <span class='ocrx_word' id='word_1_322' title='bbox 362 3405 414 3470; x_wconf 90' lang='lat' dir='ltr'>his</span> <span class='ocrx_word' id='word_1_323' title='bbox 434 3409 616 3474; x_wconf 89' lang='lat' dir='ltr'>nominibus</span> <span class='ocrx_word' id='word_1_324' title='bbox 638 3408 821 3473; x_wconf 86' lang='lat' dir='ltr'>intromissa</span> <span class='ocrx_word' id='word_1_325' title='bbox 841 3409 985 3474; x_wconf 73' lang='lat' dir='ltr'>conferas</span> <span class='ocrx_word' id='word_1_326' title='bbox 1008 3411 1167 3497; x_wconf 87' lang='lat' dir='ltr'>spirantes</span> <span class='ocrx_word' id='word_1_327' title='bbox 1189 3411 1393 3478; x_wconf 85' lang='lat' dir='ltr'>britannicas.</span> 
     </span>
    </p>

    <p class='ocr_par' dir='ltr' id='par_1_17' title="bbox 264 3461 1822 4104">
     <span class='ocr_line' id='line_1_30' title="bbox 351 3507 1737 3596; baseline 0.004 -23"><span class='ocrx_word' id='word_1_328' title='bbox 351 3507 374 3574; x_wconf 91' lang='lat' dir='ltr'>S</span> <span class='ocrx_word' id='word_1_329' title='bbox 397 3509 513 3593; x_wconf 84' lang='lat' dir='ltr'>gallica</span> <span class='ocrx_word' id='word_1_330' title='bbox 534 3509 586 3573; x_wconf 88' lang='lat' dir='ltr'>vel</span> <span class='ocrx_word' id='word_1_331' title='bbox 607 3509 786 3575; x_wconf 88' lang='lat' dir='ltr'>britannica</span> <span class='ocrx_word' id='word_1_332' title='bbox 807 3510 992 3595; x_wconf 86' lang='lat' dir='ltr'>singularis:</span> <span class='ocrx_word' id='word_1_333' title='bbox 1016 3509 1120 3592; x_wconf 88' lang='lat' dir='ltr'>Sabis,</span> <span class='ocrx_word' id='word_1_334' title='bbox 1144 3509 1274 3593; x_wconf 89' lang='lat' dir='ltr'>Seduni,</span> <span class='ocrx_word' id='word_1_335' title='bbox 1298 3509 1444 3578; x_wconf 83' lang='lat' dir='ltr'>Senones</span> <span class='ocrx_word' id='word_1_336' title='bbox 1459 3509 1554 3578; x_wconf 83' lang='lat' dir='ltr'>Caes.</span> <span class='ocrx_word' id='word_1_337' title='bbox 1582 3511 1737 3596; x_wconf 76' lang='grc' dir='ltr'><strong><em>Σεσηρο-</em></strong></span> 
     </span>
     <span class='ocr_line' id='line_1_31' title="bbox 266 3605 1736 3697; baseline 0.004 -28"><span class='ocrx_word' id='word_1_338' title='bbox 266 3605 338 3684; x_wconf 53' lang='grc' dir='ltr'><strong>...ῦς</strong></span> <span class='ocrx_word' id='word_1_339' title='bbox 369 3607 562 3693; x_wconf 70' lang='lat' dir='ltr'>(saraia</span> <span class='ocrx_word' id='word_1_340' title='bbox 589 3610 739 3696; x_wconf 77' lang='lat' dir='ltr'>Inscript.</span> <span class='ocrx_word' id='word_1_341' title='bbox 767 3611 902 3676; x_wconf 71' lang='lat' dir='ltr'>uriam.</span> <span class='ocrx_word' id='word_1_342' title='bbox 935 3609 1033 3677; x_wconf 77' lang='lat' dir='ltr'>oreo.</span> <span class='ocrx_word' id='word_1_343' title='bbox 1061 3613 1165 3697; x_wconf 74' lang='lat' dir='ltr'>aare)</span> <span class='ocrx_word' id='word_1_344' title='bbox 1193 3611 1277 3678; x_wconf 77' lang='lat' dir='ltr'>rue</span> <span class='ocrx_word' id='word_1_345' title='bbox 1306 3611 1375 3696; x_wconf 72' lang='lat' dir='ltr'>(eu.</span> <span class='ocrx_word' id='word_1_346' title='bbox 1403 3611 1523 3679; x_wconf 73' lang='lat' dir='ltr'>naua</span> <span class='ocrx_word' id='word_1_347' title='bbox 1553 3613 1609 3696; x_wconf 89' lang='lat'>10,</span> <span class='ocrx_word' id='word_1_348' title='bbox 1638 3611 1736 3696; x_wconf 75' lang='lat' dir='ltr'>aaa).</span> 
     </span>
     <span class='ocr_line' id='line_1_32' title="bbox 265 3701 1822 3796; baseline 0.003 -23"><span class='ocrx_word' id='word_1_349' title='bbox 265 3709 468 3792; x_wconf 86' lang='lat' dir='ltr'>Bellovesus,</span> <span class='ocrx_word' id='word_1_350' title='bbox 492 3709 663 3796; x_wconf 82' lang='lat' dir='ltr'>Sigovesus</span> <span class='ocrx_word' id='word_1_351' title='bbox 684 3710 755 3777; x_wconf 83' lang='lat' dir='ltr'>Liy.</span> <span class='ocrx_word' id='word_1_352' title='bbox 778 3711 945 3794; x_wconf 78' lang='lat' dir='ltr'>Vesontio,</span> <span class='ocrx_word' id='word_1_353' title='bbox 975 3713 1086 3779; x_wconf 83' lang='lat' dir='ltr'>Alesia</span> <span class='ocrx_word' id='word_1_354' title='bbox 1107 3712 1201 3780; x_wconf 88' lang='lat' dir='ltr'>Caes.</span> <span class='ocrx_word' id='word_1_355' title='bbox 1233 3713 1391 3780; x_wconf 78' lang='lat' dir='ltr'>Alisontia</span> <span class='ocrx_word' id='word_1_356' title='bbox 1417 3715 1541 3782; x_wconf 85' lang='lat' dir='ltr'>Auson.</span> <span class='ocrx_word' id='word_1_357' title='bbox 1572 3711 1738 3779; x_wconf 86' lang='lat' dir='ltr'>Belisama</span> <span class='ocrx_word' id='word_1_358' title='bbox 1821 3701 1822 3786; x_wconf 83' lang='lat' dir='ltr'>l</span> 
     </span>
     <span class='ocr_line' id='line_1_33' title="bbox 267 3809 1736 3901; baseline 0.004 -27"><span class='ocrx_word' id='word_1_359' title='bbox 267 3809 444 3895; x_wconf 84' lang='lat' dir='ltr'>(Minerva)</span> <span class='ocrx_word' id='word_1_360' title='bbox 460 3810 558 3877; x_wconf 89' lang='lat' dir='ltr'>Orell.</span> <span class='ocrx_word' id='word_1_361' title='bbox 577 3814 667 3879; x_wconf 91' lang='grc'>1969.</span> <span class='ocrx_word' id='word_1_362' title='bbox 694 3811 873 3896; x_wconf 66' lang='grc' dir='ltr'><strong><em>Βηλησαμι</em></strong></span> <span class='ocrx_word' id='word_1_363' title='bbox 886 3811 986 3878; x_wconf 87' lang='lat' dir='ltr'>Beck.</span> <span class='ocrx_word' id='word_1_364' title='bbox 1003 3816 1032 3880; x_wconf 92' lang='grc'>2.</span> <span class='ocrx_word' id='word_1_365' title='bbox 1062 3814 1157 3881; x_wconf 80' lang='lat' dir='ltr'>Adde</span> <span class='ocrx_word' id='word_1_366' title='bbox 1179 3817 1369 3901; x_wconf 86' lang='lat' dir='ltr'>composita:</span> <span class='ocrx_word' id='word_1_367' title='bbox 1392 3813 1586 3882; x_wconf 85' lang='lat' dir='ltr'>Civismarus</span> <span class='ocrx_word' id='word_1_368' title='bbox 1609 3816 1658 3901; x_wconf 92' lang='lat' dir='ltr'>(p.</span> <span class='ocrx_word' id='word_1_369' title='bbox 1677 3815 1736 3900; x_wconf 89' lang='grc'>16)</span> 
     </span>
     <span class='ocr_line' id='line_1_34' title="bbox 264 3909 1737 4001; baseline 0.003 -25"><span class='ocrx_word' id='word_1_370' title='bbox 264 3911 337 3976; x_wconf 87' lang='lat' dir='ltr'>Liv.</span> <span class='ocrx_word' id='word_1_371' title='bbox 355 3909 596 3979; x_wconf 86' lang='lat' dir='ltr'>Cartismandna</span> <span class='ocrx_word' id='word_1_372' title='bbox 610 3913 664 3998; x_wconf 85' lang='lat' dir='ltr'>(cf.</span> <span class='ocrx_word' id='word_1_373' title='bbox 679 3912 1009 4000; x_wconf 87' lang='lat' dir='ltr'>Epomanduodurnm,</span> <span class='ocrx_word' id='word_1_374' title='bbox 1025 3914 1207 4001; x_wconf 87' lang='lat' dir='ltr'>Mandubii)</span> <span class='ocrx_word' id='word_1_375' title='bbox 1223 3915 1323 3983; x_wconf 86' lang='lat' dir='ltr'>Tacit.</span> <span class='ocrx_word' id='word_1_376' title='bbox 1345 3915 1522 3982; x_wconf 84' lang='lat' dir='ltr'>Ratisbona</span> <span class='ocrx_word' id='word_1_377' title='bbox 1536 3915 1592 3999; x_wconf 80' lang='lat' dir='ltr'>(cs.</span> <span class='ocrx_word' id='word_1_378' title='bbox 1607 3913 1737 3981; x_wconf 83' lang='lat' dir='ltr'>Vindo-</span> 
     </span>
     <span class='ocr_line' id='line_1_35' title="bbox 267 4013 1822 4104; baseline 0.002 -25"><span class='ocrx_word' id='word_1_379' title='bbox 267 4015 359 4094; x_wconf 78' lang='lat' dir='ltr'>bons,</span> <span class='ocrx_word' id='word_1_380' title='bbox 373 4013 536 4099; x_wconf 88' lang='lat' dir='ltr'>Bononia)</span> <span class='ocrx_word' id='word_1_381' title='bbox 557 4016 592 4080; x_wconf 90' lang='lat' dir='ltr'>in</span> <span class='ocrx_word' id='word_1_382' title='bbox 607 4015 724 4081; x_wconf 88' lang='lat' dir='ltr'>chartis</span> <span class='ocrx_word' id='word_1_383' title='bbox 745 4015 842 4080; x_wconf 89' lang='lat' dir='ltr'>medii</span> <span class='ocrx_word' id='word_1_384' title='bbox 863 4015 944 4080; x_wconf 84' lang='lat' dir='ltr'>aevi.</span> <span class='ocrx_word' id='word_1_385' title='bbox 977 4014 1091 4084; x_wconf 87' lang='lat' dir='ltr'>Iuncta</span> <span class='ocrx_word' id='word_1_386' title='bbox 1112 4019 1184 4084; x_wconf 82' lang='lat' dir='ltr'>ahie</span> <span class='ocrx_word' id='word_1_387' title='bbox 1206 4019 1370 4085; x_wconf 85' lang='lat' dir='ltr'>consonis:</span> <span class='ocrx_word' id='word_1_388' title='bbox 1395 4017 1557 4104; x_wconf 83' lang='lat' dir='ltr'>Catoslogi</span> <span class='ocrx_word' id='word_1_389' title='bbox 1573 4017 1736 4102; x_wconf 86' lang='lat' dir='ltr'>(compos.</span> <span class='ocrx_word' id='word_1_390' title='bbox 1821 4035 1822 4098; x_wconf 66' lang='lat' dir='ltr'>l</span> 
     </span>
    </p>

    <p class='ocr_par' dir='ltr' id='par_1_18' title="bbox 207 4105 1822 4828">
     <span class='ocr_line' id='line_1_36' title="bbox 207 4114 1737 4204; baseline 0.003 -25"><span class='ocrx_word' id='word_1_391' title='bbox 207 4189 213 4204; x_wconf 33' lang='grc' dir='ltr'><strong><em>ι</em></strong></span> <span class='ocrx_word' id='word_1_392' title='bbox 266 4115 364 4201; x_wconf 79' lang='lat' dir='ltr'>-elogi</span> <span class='ocrx_word' id='word_1_393' title='bbox 384 4139 415 4202; x_wconf 94' lang='lat' dir='ltr'>p.</span> <span class='ocrx_word' id='word_1_394' title='bbox 432 4117 486 4197; x_wconf 88' lang='grc'>22)</span> <span class='ocrx_word' id='word_1_395' title='bbox 501 4115 585 4182; x_wconf 85' lang='grc' dir='ltr'><strong>Ρ110.</strong></span> <span class='ocrx_word' id='word_1_396' title='bbox 609 4114 754 4198; x_wconf 66' lang='lat' dir='ltr'>Enipeus</span> <span class='ocrx_word' id='word_1_397' title='bbox 769 4116 859 4202; x_wconf 92' lang='lat' dir='ltr'>(pop.</span> <span class='ocrx_word' id='word_1_398' title='bbox 875 4114 1035 4202; x_wconf 91' lang='lat' dir='ltr'>Britann.)</span> <span class='ocrx_word' id='word_1_399' title='bbox 1051 4116 1134 4184; x_wconf 88' lang='lat' dir='ltr'>Ptol.</span> <span class='ocrx_word' id='word_1_400' title='bbox 1157 4116 1400 4185; x_wconf 87' lang='lat' dir='ltr'>Smertulitanus</span> <span class='ocrx_word' id='word_1_401' title='bbox 1419 4118 1522 4184; x_wconf 89' lang='lat' dir='ltr'>Inscr.</span> <span class='ocrx_word' id='word_1_402' title='bbox 1537 4117 1636 4184; x_wconf 90' lang='lat' dir='ltr'>Orell.</span> <span class='ocrx_word' id='word_1_403' title='bbox 1662 4118 1737 4184; x_wconf 87' lang='lat'>188.</span> 
     </span>
     <span class='ocr_line' id='line_1_37' title="bbox 267 4215 1822 4308; baseline 0.003 -28"><span class='ocrx_word' id='word_1_404' title='bbox 267 4215 432 4281; x_wconf 87' lang='lat' dir='ltr'>Boemerta</span> <span class='ocrx_word' id='word_1_405' title='bbox 453 4217 541 4300; x_wconf 81' lang='lat' dir='ltr'>(dea3</span> <span class='ocrx_word' id='word_1_406' title='bbox 565 4238 704 4304; x_wconf 88' lang='lat' dir='ltr'>compos.</span> <span class='ocrx_word' id='word_1_407' title='bbox 720 4215 858 4301; x_wconf 77' lang='lat' dir='ltr'>llo-sm.)</span> <span class='ocrx_word' id='word_1_408' title='bbox 871 4216 974 4284; x_wconf 86' lang='lat' dir='ltr'>Inscr.</span> <span class='ocrx_word' id='word_1_409' title='bbox 995 4218 1252 4305; x_wconf 84' lang='lat' dir='ltr'>Bratuspantium</span> <span class='ocrx_word' id='word_1_410' title='bbox 1267 4221 1423 4307; x_wconf 86' lang='lat' dir='ltr'>(compos.</span> <span class='ocrx_word' id='word_1_411' title='bbox 1438 4218 1621 4304; x_wconf 81' lang='lat' dir='ltr'>Erato-sp.)</span> <span class='ocrx_word' id='word_1_412' title='bbox 1644 4216 1737 4286; x_wconf 82' lang='lat' dir='ltr'>Caes</span> <span class='ocrx_word' id='word_1_413' title='bbox 1821 4217 1822 4308; x_wconf 73' lang='lat' dir='ltr'>l</span> 
     </span>
     <span class='ocr_line' id='line_1_38' title="bbox 268 4309 1822 4405; baseline 0.003 -25"><span class='ocrx_word' id='word_1_414' title='bbox 268 4314 464 4402; x_wconf 82' lang='lat' dir='ltr'>Spernacum</span> <span class='ocrx_word' id='word_1_415' title='bbox 491 4319 578 4403; x_wconf 91' lang='lat' dir='ltr'>(hod.</span> <span class='ocrx_word' id='word_1_416' title='bbox 601 4317 768 4405; x_wconf 89' lang='lat' dir='ltr'>Epernay)</span> <span class='ocrx_word' id='word_1_417' title='bbox 798 4317 897 4383; x_wconf 89' lang='lat' dir='ltr'>chart.</span> <span class='ocrx_word' id='word_1_418' title='bbox 926 4319 1007 4384; x_wconf 89' lang='lat' dir='ltr'>med.</span> <span class='ocrx_word' id='word_1_419' title='bbox 1037 4343 1106 4385; x_wconf 77' lang='lat' dir='ltr'>aes.</span> <span class='ocrx_word' id='word_1_420' title='bbox 1134 4319 1318 4404; x_wconf 80' lang='lat' dir='ltr'>Stanacum,</span> <span class='ocrx_word' id='word_1_421' title='bbox 1346 4319 1475 4387; x_wconf 82' lang='lat' dir='ltr'>Stiriate</span> <span class='ocrx_word' id='word_1_422' title='bbox 1507 4320 1583 4404; x_wconf 90' lang='grc'><strong>(166.</strong></span> <span class='ocrx_word' id='word_1_423' title='bbox 1605 4319 1737 4404; x_wconf 86' lang='lat' dir='ltr'>Nerio.)</span> <span class='ocrx_word' id='word_1_424' title='bbox 1821 4309 1822 4322; x_wconf 43' lang='lat'>¹</span> 
     </span>
     <span class='ocr_line' id='line_1_39' title="bbox 267 4417 1737 4510; baseline 0.001 -27"><span class='ocrx_word' id='word_1_425' title='bbox 267 4417 341 4483; x_wconf 91' lang='lat' dir='ltr'>Itin.</span> <span class='ocrx_word' id='word_1_426' title='bbox 365 4419 531 4482; x_wconf 79' lang='grc' dir='ltr'><strong><em>Στουκκία</em></strong></span> <span class='ocrx_word' id='word_1_427' title='bbox 552 4421 640 4498; x_wconf 86' lang='lat' dir='ltr'>(fluv.</span> <span class='ocrx_word' id='word_1_428' title='bbox 655 4419 750 4504; x_wconf 90' lang='lat' dir='ltr'>Brit.)</span> <span class='ocrx_word' id='word_1_429' title='bbox 773 4419 857 4485; x_wconf 94' lang='lat' dir='ltr'>Ptol.</span> <span class='ocrx_word' id='word_1_430' title='bbox 888 4418 1011 4486; x_wconf 79' lang='lat' dir='ltr'>Scaldis</span> <span class='ocrx_word' id='word_1_431' title='bbox 1035 4419 1130 4488; x_wconf 87' lang='lat' dir='ltr'>Caes.</span> <span class='ocrx_word' id='word_1_432' title='bbox 1153 4422 1236 4489; x_wconf 93' lang='lat' dir='ltr'>Plin.</span> <span class='ocrx_word' id='word_1_433' title='bbox 1265 4421 1450 4510; x_wconf 86' lang='lat' dir='ltr'>Scarponna</span> <span class='ocrx_word' id='word_1_434' title='bbox 1471 4423 1529 4506; x_wconf 89' lang='lat' dir='ltr'>(ad</span> <span class='ocrx_word' id='word_1_435' title='bbox 1547 4421 1737 4506; x_wconf 86' lang='lat' dir='ltr'>Mosellam)</span> 
     </span>
     <span class='ocr_line' id='line_1_40' title="bbox 266 4519 1822 4642; baseline 0.003 -58"><span class='ocrx_word' id='word_1_436' title='bbox 266 4519 341 4584; x_wconf 91' lang='lat' dir='ltr'>Itin.</span> <span class='ocrx_word' id='word_1_437' title='bbox 376 4519 416 4586; x_wconf 92' lang='lat' dir='ltr'>In</span> <span class='ocrx_word' id='word_1_438' title='bbox 438 4520 1173 4608; x_wconf 67' lang='grc' dir='ltr'><strong>0661606666Τ66966106,Μο011669060666.</strong></span> <span class='ocrx_word' id='word_1_439' title='bbox 1201 4521 1404 4610; x_wconf 82' lang='lat' dir='ltr'>Caspingium</span> <span class='ocrx_word' id='word_1_440' title='bbox 1426 4523 1484 4608; x_wconf 87' lang='lat' dir='ltr'>(ad</span> <span class='ocrx_word' id='word_1_441' title='bbox 1497 4524 1600 4590; x_wconf 87' lang='lat' dir='ltr'>Bhen.</span> <span class='ocrx_word' id='word_1_442' title='bbox 1613 4523 1739 4606; x_wconf 77' lang='lat' dir='ltr'>infer).</span> <span class='ocrx_word' id='word_1_443' title='bbox 1821 4553 1822 4642; x_wconf 69' lang='lat' dir='ltr'>y</span> 
     </span>
     <span class='ocr_line' id='line_1_41' title="bbox 267 4613 1822 4712; baseline 0.001 -26"><span class='ocrx_word' id='word_1_444' title='bbox 267 4620 341 4686; x_wconf 85' lang='lat' dir='ltr'>ltin.</span> <span class='ocrx_word' id='word_1_445' title='bbox 367 4613 585 4706; x_wconf 75' lang='grc' dir='ltr'><strong><em>Ἀνηρόεσιος</em></strong></span> <span class='ocrx_word' id='word_1_446' title='bbox 607 4622 744 4707; x_wconf 84' lang='lat' dir='ltr'>(Gallor.</span> <span class='ocrx_word' id='word_1_447' title='bbox 759 4623 832 4707; x_wconf 82' lang='lat' dir='ltr'>rex)</span> <span class='ocrx_word' id='word_1_448' title='bbox 852 4622 966 4708; x_wconf 88' lang='lat' dir='ltr'>Polyb.</span> <span class='ocrx_word' id='word_1_449' title='bbox 988 4622 1129 4689; x_wconf 86' lang='lat' dir='ltr'>Pistillus</span> <span class='ocrx_word' id='word_1_450' title='bbox 1151 4624 1299 4712; x_wconf 88' lang='lat' dir='ltr'>Inscript.</span> <span class='ocrx_word' id='word_1_451' title='bbox 1323 4623 1421 4692; x_wconf 86' lang='lat' dir='ltr'>Orell.</span> <span class='ocrx_word' id='word_1_452' title='bbox 1438 4627 1531 4692; x_wconf 89' lang='lat'>2776.</span> <span class='ocrx_word' id='word_1_453' title='bbox 1559 4624 1629 4690; x_wconf 85' lang='lat' dir='ltr'>Isca</span> <span class='ocrx_word' id='word_1_454' title='bbox 1643 4624 1737 4709; x_wconf 79' lang='lat' dir='ltr'>(fluv.</span> <span class='ocrx_word' id='word_1_455' title='bbox 1821 4657 1822 4704; x_wconf 71' lang='lat'>,</span> 
     </span>
     <span class='ocr_line' id='line_1_42' title="bbox 267 4721 1740 4810; baseline 0.003 -24"><span class='ocrx_word' id='word_1_456' title='bbox 267 4721 363 4808; x_wconf 90' lang='lat' dir='ltr'>Brit.)</span> <span class='ocrx_word' id='word_1_457' title='bbox 384 4723 467 4790; x_wconf 89' lang='lat' dir='ltr'>Ptol.</span> <span class='ocrx_word' id='word_1_458' title='bbox 489 4723 563 4789; x_wconf 90' lang='lat' dir='ltr'>Itin.</span> <span class='ocrx_word' id='word_1_459' title='bbox 592 4724 723 4792; x_wconf 83' lang='lat' dir='ltr'>Matisco</span> <span class='ocrx_word' id='word_1_460' title='bbox 747 4725 841 4792; x_wconf 89' lang='lat' dir='ltr'>Caes.</span> <span class='ocrx_word' id='word_1_461' title='bbox 870 4725 1005 4790; x_wconf 83' lang='lat' dir='ltr'>Isinisca</span> <span class='ocrx_word' id='word_1_462' title='bbox 1033 4725 1109 4810; x_wconf 94' lang='grc'><strong>(106.</strong></span> <span class='ocrx_word' id='word_1_463' title='bbox 1132 4725 1305 4809; x_wconf 88' lang='lat' dir='ltr'>Vindelic.)</span> <span class='ocrx_word' id='word_1_464' title='bbox 1333 4725 1408 4792; x_wconf 91' lang='lat' dir='ltr'>Itin.</span> <span class='ocrx_word' id='word_1_465' title='bbox 1430 4727 1585 4796; x_wconf 75' lang='lat' dir='ltr'>Melaenis</span> <span class='ocrx_word' id='word_1_466' title='bbox 1605 4722 1650 4790; x_wconf 74' lang='lat' dir='ltr'>fit</span> <span class='ocrx_word' id='word_1_467' title='bbox 1680 4725 1740 4790; x_wconf 90' lang='lat' dir='ltr'>In·</span> 
     </span>
    </p>

    <p class='ocr_par' dir='ltr' id='par_1_19' title="bbox 163 4822 1822 5018">
     <span class='ocr_line' id='line_1_43' title="bbox 163 4822 1822 4914; baseline 0.002 -25"><span class='ocrx_word' id='word_1_468' title='bbox 163 4903 168 4914; x_wconf 84' lang='lat'>.</span> <span class='ocrx_word' id='word_1_469' title='bbox 269 4824 377 4910; x_wconf 89' lang='lat' dir='ltr'>script.</span> <span class='ocrx_word' id='word_1_470' title='bbox 401 4824 492 4893; x_wconf 85' lang='lat' dir='ltr'>Grut.</span> <span class='ocrx_word' id='word_1_471' title='bbox 517 4829 588 4909; x_wconf 88' lang='lat'>763,</span> <span class='ocrx_word' id='word_1_472' title='bbox 604 4829 633 4890; x_wconf 93' lang='grc'>6.</span> <span class='ocrx_word' id='word_1_473' title='bbox 665 4827 784 4910; x_wconf 85' lang='lat' dir='ltr'>Mursa,</span> <span class='ocrx_word' id='word_1_474' title='bbox 806 4825 962 4894; x_wconf 82' lang='lat' dir='ltr'>Mursella</span> <span class='ocrx_word' id='word_1_475' title='bbox 984 4825 1144 4910; x_wconf 87' lang='lat' dir='ltr'>(Pannon.</span> <span class='ocrx_word' id='word_1_476' title='bbox 1167 4827 1291 4914; x_wconf 94' lang='lat' dir='ltr'>oppid.)</span> <span class='ocrx_word' id='word_1_477' title='bbox 1313 4826 1386 4892; x_wconf 89' lang='lat' dir='ltr'>ltin.</span> <span class='ocrx_word' id='word_1_478' title='bbox 1416 4822 1648 4912; x_wconf 77' lang='grc' dir='ltr'><strong><em>Καρσίγνατος</em></strong></span> <span class='ocrx_word' id='word_1_479' title='bbox 1670 4825 1740 4892; x_wconf 88' lang='lat' dir='ltr'>Po·</span> <span class='ocrx_word' id='word_1_480' title='bbox 1821 4839 1822 4876; x_wconf 72' lang='lat' dir='ltr'>l</span> 
     </span>
     <span class='ocr_line' id='line_1_44' title="bbox 268 4925 1739 5014; baseline 0.002 -24"><span class='ocrx_word' id='word_1_481' title='bbox 268 4925 333 5011; x_wconf 93' lang='lat' dir='ltr'>lyb.</span> <span class='ocrx_word' id='word_1_482' title='bbox 362 4926 427 5010; x_wconf 85' lang='grc'>(25,</span> <span class='ocrx_word' id='word_1_483' title='bbox 454 4926 499 5011; x_wconf 86' lang='grc'>4).</span> <span class='ocrx_word' id='word_1_484' title='bbox 550 4927 723 5014; x_wconf 83' lang='lat' dir='ltr'>Duplicata</span> <span class='ocrx_word' id='word_1_485' title='bbox 750 4927 812 4996; x_wconf 89' lang='lat' dir='ltr'>SS:</span> <span class='ocrx_word' id='word_1_486' title='bbox 847 4927 968 4996; x_wconf 82' lang='lat' dir='ltr'>Cassae</span> <span class='ocrx_word' id='word_1_487' title='bbox 997 4928 1061 5013; x_wconf 93' lang='lat' dir='ltr'>(di)</span> <span class='ocrx_word' id='word_1_488' title='bbox 1089 4929 1189 4995; x_wconf 87' lang='lat' dir='ltr'>Inscr.</span> <span class='ocrx_word' id='word_1_489' title='bbox 1221 4927 1319 4993; x_wconf 88' lang='lat' dir='ltr'>Orell.</span> <span class='ocrx_word' id='word_1_490' title='bbox 1344 4931 1435 4996; x_wconf 83' lang='lat'>1979.</span> <span class='ocrx_word' id='word_1_491' title='bbox 1469 4927 1739 4997; x_wconf 76' lang='lat' dir='ltr'>Cassivellaunus</span> 
     </span>
    </p>
   </div>
   <div class='ocr_carea' id='block_1_5' title="bbox 0 0 1857 5648">
    <p class='ocr_par' dir='ltr' id='par_1_20' title="bbox 0 0 1857 5648">
     <span class='ocr_line' id='line_1_45' title="bbox 0 0 1857 5648; baseline 0 0"><span class='ocrx_word' id='word_1_492' title='bbox 0 0 1857 5648; x_wconf 95' lang='lat' dir='ltr'> </span> 
     </span>
    </p>
   </div>
  </div>
 </body>
</html>
