3656 5652
282 1 375 161 *t

375 183 408 220 κ,

319 477 327 499 Ι
350 389 378 458 Ι.
400 393 429 495 2,.
463 409 641 458 consonas
661 409 877 460 mosomum
898 409 1084 468 murrona
1105 409 1274 460 mancum.
1309 395 1453 459 (192193)
1489 393 1545 458 177

93 573 341 662 Vercingetorix,
364 576 599 646 Vernemetum.
643 577 709 647 Sed
730 601 800 645 cum
822 589 854 645 at
874 579 1035 646 rarissime
1058 589 1234 667 appareant
1253 582 1373 646 formae
1397 580 1551 646 eiusmodi

93 678 333 761 vetustissimae,
357 680 527 768 inquibus
549 704 648 748 causa
667 680 871 770 patetghuius
894 681 946 746 vel
967 681 1053 746 illius
1076 679 1256 749 infectionis
1278 683 1382 748 factae
1409 692 1463 745 aut
1486 705 1551 747 ser-

94 778 153 842 vati
175 789 279 868 status
302 780 473 866 originarii,
496 791 529 848 et
549 793 681 870 utraque
703 783 813 868 lingua
833 782 991 848 interdum
1005 783 1178 848 anomaliae
1202 793 1233 848 et
1247 784 1457 870 proprietates
1479 807 1552 870 pro·

94 879 217 946 duxisse
241 880 394 964 videatur,
418 905 553 952 necesse
574 894 624 949 est
644 894 815 970 praecepta
837 885 877 949 de
892 885 1043 949 consonis
1066 882 1288 952 inchoantibus
1311 906 1408 952 voces
1432 909 1552 951 earum-

97 1002 153 1065 que
174 982 347 1048 infectione
369 986 542 1070 separatim
564 987 689 1074 exponi.

171 1083 323 1170 Tangunt
337 1095 441 1150 antem
462 1085 542 1154 haec
555 1097 728 1175 praecepta
748 1091 906 1153 consonas
922 1086 1117 1174 principales
1132 1108 1248 1151 vocum
1263 1110 1377 1168 earum,
1403 1098 1457 1152 aut
1471 1110 1551 1173 quae

96 1185 187 1250 artius
209 1185 338 1252 iunctae
361 1197 436 1252 sunt
460 1210 532 1254 cum
552 1189 814 1254 antecedentibus
837 1189 1081 1270 constructione,
1104 1198 1140 1252 ut
1162 1189 1395 1255 substantivum
1417 1211 1487 1254 cum
1502 1214 1552 1255 ar·
1658 1251 1663 1256 .

98 1286 198 1369 ticulc,
222 1290 413 1375 pronomine
433 1291 629 1378 possessivo,
651 1290 898 1378 praepositione,
921 1291 999 1356 item
1021 1291 1252 1356 substantivum
1273 1289 1307 1354 in
1329 1291 1476 1374 genetivo
1498 1292 1551 1356 vel

98 1389 275 1454 accusativo
304 1399 379 1476 post
401 1395 634 1462 substantivum
660 1393 712 1458 vel
733 1393 878 1474 verbnm,
906 1393 1097 1458 adjectivum
1124 1406 1199 1482 post
1220 1391 1453 1458 substantivum
1481 1402 1550 1477 etc,

98 1499 147 1554 aut
176 1512 259 1577 qnae
281 1492 470 1561 coniunctae
498 1506 571 1562 sunt
592 1495 792 1562 antecedenti
820 1517 877 1580 per
907 1495 1178 1580 compositionem.
1227 1491 1320 1574 Quae
1346 1517 1442 1580 voces
1466 1505 1554 1560 extra

97 1590 246 1657 eiusmodi
273 1592 452 1660 iunctiones
486 1596 553 1662 sive
573 1598 657 1662 intra
683 1595 873 1662 sententiam
899 1595 968 1660 sive
993 1596 1026 1660 in
1046 1597 1202 1683 principio
1227 1598 1294 1662 cius
1315 1596 1438 1684 positae
1466 1604 1549 1676 sunt,

96 1691 190 1757 isdem
203 1693 328 1779 legibus
344 1696 468 1761 solutae
483 1707 611 1763 servant
627 1708 741 1764 statum
758 1697 959 1782 originarium
974 1720 1194 1764 consonarum.
1220 1695 1370 1764 Ceterum
1384 1720 1441 1784 per
1454 1697 1553 1782 scrip-

98 1793 210 1858 tionem
237 1796 471 1882 coniunguntur
498 1799 531 1862 in
557 1799 692 1864 vetustis
721 1798 900 1880 codicibus,
928 1800 1114 1886 praesertim
1141 1799 1329 1880 hibernicis,
1359 1822 1424 1864 non
1451 1800 1553 1864 solum

99 1917 189 1961 voces
211 1918 287 1962 vere
309 1901 520 1985 compositae,
551 1900 603 1964 vel
622 1900 842 1986 pronominum
862 1900 1095 1985 infigendorum
1115 1901 1238 1966 litterae
1267 1901 1445 1986 singulares
1474 1900 1553 1966 resi-

100 1996 173 2062 duae
195 2019 267 2062 cum
288 2001 453 2086 particulis
477 2001 664 2083 atrocibus,
687 2002 770 2067 inter
792 2023 871 2088 quas
894 2011 968 2068 sunt
989 2003 1159 2089 infigenda,
1182 2003 1351 2068 sedetiam
1374 2024 1429 2068 eae
1444 2024 1552 2084 voces,

101 2120 177 2184 quae
198 2099 260 2166 etsi
282 2101 418 2188 quodam
440 2103 567 2168 vinculo
590 2101 773 2186 iunctionis,
797 2111 937 2169 attamen
956 2127 1023 2171 non
1042 2114 1108 2170 tam
1129 2114 1195 2170 arto
1219 2105 1433 2184 continentur,
1462 2125 1553 2189 prae·
1648 2173 1649 2178 ,

99 2201 201 2267 sertim
216 2202 353 2287 articuli,
376 2205 599 2292 pronominum
613 2204 871 2291 possessivorum
890 2206 1009 2272 formae
1025 2206 1274 2292 monosyllabae,
1297 2205 1551 2292 praepositiones

97 2304 330 2391 monosyllabae
345 2327 417 2370 cnm
433 2305 651 2388 substantivis,
667 2305 842 2393 particulae
863 2308 1008 2374 verbales
1031 2331 1101 2374 cum
1116 2308 1222 2374 verbis
1243 2317 1303 2373 etc.
1333 2307 1423 2390 Quae
1438 2330 1553 2374 vocum

98 2405 212 2470 iunctio
236 2408 412 2473 secundum
433 2407 695 2482 consuetudinem
710 2409 857 2474 codicum
871 2411 968 2476 etiam
989 2410 1024 2474 in
1038 2410 1098 2476 hoc
1114 2431 1209 2496 opere
1230 2408 1296 2474 fere
1319 2432 1471 2495 expressa
1494 2419 1552 2477 est.

176 2506 337 2590 Quoniam
357 2511 392 2574 in
406 2509 541 2575 vetustis
557 2509 722 2577 codicibus
744 2511 917 2578 hibernicis
940 2511 1069 2576 infectio
1091 2509 1125 2574 in
1147 2511 1225 2576 solis
1246 2511 1311 2577 fere
1333 2511 1483 2576 tenuibus
1504 2513 1553 2576 in-

99 2608 288 2694 choantibus,
312 2623 344 2676 et
365 2611 399 2675 in
413 2635 435 2694 s,
452 2611 481 2696 f,
505 2634 546 2677 ue
567 2612 602 2676 in
618 2611 670 2678 his
691 2614 819 2700 quidem
832 2637 965 2700 semper,
988 2621 1097 2680 notata
1118 2613 1286 2694 invenitur,
1310 2614 1407 2678 oritur
1421 2612 1554 2699 penuria

102 2713 319 2798 exemplorum,
342 2736 424 2799 qnae
446 2735 563 2798 genere
578 2715 721 2780 tenuium
744 2716 932 2803 plerumque
953 2715 1164 2781 continentur.
1207 2715 1247 2779 In
1264 2723 1353 2800 parte
1376 2713 1554 2780 britannica

102 2833 284 2899 quamquam
298 2815 544 2880 aremoricorum
558 2825 631 2880 ante
642 2815 829 2884 hodiernam
840 2817 983 2904 linguam
995 2816 1210 2903 exemplorum
1226 2817 1337 2881 eadem
1353 2826 1402 2881 est
1411 2818 1552 2904 penuria,

106 2913 202 2978 codex
222 2923 328 2982 tamen
349 2918 445 2982 ruber
458 2918 629 3004 perlectam
649 2916 715 2983 fere
730 2921 923 2987 notationem
945 2919 1137 2986 cambricarn
1158 2917 1310 2984 exhibens
1333 2918 1418 2984 omni
1440 2941 1555 3004 genere

104 3017 312 3103 exemplorum
335 3018 484 3101 abundat,
506 3041 568 3086 nec
590 3019 698 3086 deficit
719 3021 919 3088 comicorum
939 3023 1055 3089 idonea
1076 3021 1178 3108 copia.

383 3443 411 3518 1.
448 3441 686 3519 Oonsonae
709 3445 972 3520 hibernicae
998 3444 1269 3518 inchoantes.

183 3631 220 3692 A.
242 3625 383 3696 Status
406 3627 652 3714 originarius
675 3650 885 3696 consonarum
906 3627 1122 3694 inchoantium
1135 3647 1233 3693 voces
1253 3626 1306 3692 vel
1321 3625 1554 3690 constructione

112 3728 156 3792 vel
175 3729 404 3816 compositione
427 3729 613 3796 subiunctas
635 3730 896 3798 antecedentibus
918 3737 1063 3796 servatur
1083 3751 1100 3794 e
1122 3728 1232 3814 regula
1250 3726 1399 3814 generali,
1423 3725 1452 3789 si
1464 3725 1554 3790 vocis

110 3830 316 3914 praecedentis
332 3829 433 3896 forma
445 3831 601 3898 vetustior
622 3833 849 3898 terminabatur
863 3853 1013 3898 consona.
1049 3829 1115 3898 Sed
1130 3851 1201 3894 cum
1215 3828 1389 3894 secundum
1403 3849 1450 3908 aa,
1474 3848 1556 3911 quae

111 3951 194 4016 supra
211 3955 241 4018 p.
259 3933 320 3998 173
343 3931 505 4018 disputata
519 3943 601 4014 sunt
623 3933 755 4001 ctribus
776 3933 841 4000 illis
864 3933 1024 4015 consonis,
1047 3954 1126 4017 quas
1146 3929 1256 4015 lingua
1269 3927 1486 3995 vetustissima
1500 3927 1556 3992 ad-

110 4031 184 4097 misit
195 4033 227 4098 in
242 4034 441 4099 extremitate
456 4035 632 4116 verborum,
656 4057 781 4121 semper
796 4045 923 4100 servata
938 4034 980 4100 sit
994 4057 1020 4114 r,
1044 4054 1168 4118 semper
1190 4030 1315 4096 abiecta
1328 4052 1352 4112 a,
1374 4054 1396 4093 a
1418 4037 1493 4094 ante
1509 4039 1556 4094 tc·

112 4153 179 4199 unes
194 4134 276 4201 solas
293 4143 326 4200 et
341 4134 499 4221 spirantes
514 4145 582 4202 tota
595 4136 733 4223 perierit,
758 4147 831 4204 ante
847 4146 970 4202 ceteras
985 4143 1090 4200 tamen
1107 4154 1266 4199 consonas
1288 4131 1394 4218 posita
1416 4131 1468 4196 vel
1483 4130 1556 4195 illas

116 4231 167 4298 sibi
180 4234 403 4302 assimilaverit
422 4237 474 4301 vel
490 4237 615 4320 saillis,
639 4237 797 4324 duplicem
811 4246 900 4323 patet
914 4235 1134 4323 principalium
1157 4256 1367 4299 consonarum
1388 4253 1461 4296 csse
1484 4253 1558 4296 con·

117 4330 265 4420 dicionem,
290 4345 345 4401 aut
365 4359 429 4423 qua
443 4337 583 4424 legitime
606 4360 715 4404 omnes
736 4339 878 4423 integrae
900 4347 1066 4402 serventur
1088 4334 1177 4422 (post
1190 4359 1208 4398 a·
1229 4333 1356 4399 finalem
1376 4332 1429 4398 vcl
1445 4353 1557 4396 excus-

117 4455 172 4498 sam
184 4435 221 4520 a),
243 4446 298 4503 aut
319 4460 382 4524 qua
395 4447 518 4521 tenues,
542 4440 710 4527 spirantes,
733 4439 873 4526 liquidae
892 4447 1040 4503 maneant
1062 4437 1199 4502 intactae
1219 4435 1406 4520 regulariter
1429 4433 1516 4519 (post
1536 4457 1558 4494 a

118 4533 212 4602 elisam
225 4539 278 4605 vel
294 4539 525 4626 assimilatam),
548 4542 670 4608 mediae
687 4551 790 4608 autem
804 4541 928 4606 incerta
940 4541 1064 4604 ratione
1085 4539 1177 4603 modo
1193 4547 1342 4602 maneant
1361 4535 1452 4602 modo
1476 4532 1557 4598 assi·
1642 4533 1648 4538 “

113 4637 254 4708 milentur.
297 4641 448 4730 Duplicis
470 4642 567 4730 igitur
589 4643 715 4730 generis
739 4651 813 4708 sunt
834 4664 1042 4730 quaecunque
1063 4649 1235 4726 praecepta
1257 4638 1408 4704 hocloco
1431 4635 1556 4700 uaden-

114 4745 161 4820 ἴω,
182 4752 214 4808 ut
234 4754 290 4810 aut
311 4744 362 4829 (a)
386 4746 427 4810 ad
448 4744 615 4811 universas
637 4767 795 4812 consonas
819 4744 1000 4830 pertineant
1021 4751 1075 4806 aut
1089 4741 1138 4826 (d)
1162 4741 1203 4805 ad
1216 4749 1328 4806 tenues
1351 4748 1383 4805 et
1399 4738 1557 4824 spirantes

114 4839 194 4909 solas.
229 4843 312 4914 Sunt
333 4859 439 4911 antem
459 4845 520 4911 hae
541 4847 738 4927 iunctiones,
769 4846 940 4933 inquibus
962 4853 1125 4932 permanet
1154 4852 1254 4908 status
1276 4841 1454 4929 primitivus
1483 4862 1559 4905 con-

114 4955 245 5013 ⁸0narum
265 4947 490 5031 inchoantium,
513 4957 567 5013 aut
589 4947 727 5012 omnium
750 4957 804 5013 aut
824 4957 951 5034 praeter
973 4947 1096 5014 medias
1119 4945 1267 5010 omnium.

182 5048 206 5115 Ι.
240 5050 281 5116 In
302 5051 554 5117 constructione:
588 5051 615 5112 l.
644 5051 782 5115 nominis
812 5057 886 5136 post
907 5049 1073 5114 articulum
1100 5049 1168 5113 sive
1191 5043 1381 5111 substantivi
1408 5042 1479 5108 sive
1504 5043 1558 5108 ad-

115 5141 206 5216 iectivi
220 5151 254 5235 α)
269 5150 304 5216 in
320 5149 490 5238 singularis
505 5150 627 5218 numeri
645 5151 772 5218 casibus
787 5150 982 5218 nominativo
998 5149 1124 5238 generis
1140 5144 1315 5225 masculini,
1339 5143 1488 5231 genetivo
1504 5165 1558 5228 gc·

171 5267 378 5336 trutannus.
400 5279 477 5324 orcr.
513 5269 564 5322 En.
582 5265 615 5321 11.
1378 5263 1409 5314 12

1708 5255 1779 5335 ,m
1815 5249 1817 5296 v
