<?xml version="1.0" encoding="UTF-8"?>
<!DOCTYPE html PUBLIC "-//W3C//DTD XHTML 1.0 Transitional//EN"
    "http://www.w3.org/TR/xhtml1/DTD/xhtml1-transitional.dtd">
<html xmlns="http://www.w3.org/1999/xhtml" xml:lang="en" lang="en">
 <head>
  <title>
</title>
<meta http-equiv="Content-Type" content="text/html;charset=utf-8" />
  <meta name='ocr-system' content='tesseract 3.04.00' />
  <meta name='ocr-capabilities' content='ocr_page ocr_carea ocr_par ocr_line ocrx_word'/>
</head>
<body>
  <div class='ocr_page' id='page_1' title='image "./grammaticacelti00ebelgoog/grammaticacelti00ebelgoog_0047.png"; bbox 0 0 3684 5648; ppageno 0'>
   <div class='ocr_carea' id='block_1_1' title="bbox 295 443 1378 537">
    <p class='ocr_par' dir='ltr' id='par_1_1' title="bbox 295 443 1378 537">
     <span class='ocr_line' id='line_1_1' title="bbox 295 443 1378 537; baseline 0.003 -9"><span class='ocrx_word' id='word_1_1' title='bbox 295 465 335 529; x_wconf 85' lang='lat'><strong>38</strong></span> <span class='ocrx_word' id='word_1_2' title='bbox 360 443 478 531; x_wconf 69' lang='grc'><strong>14147)</strong></span> <span class='ocrx_word' id='word_1_3' title='bbox 773 465 853 536; x_wconf 88' lang='lat'><strong>1.1.</strong></span> <span class='ocrx_word' id='word_1_4' title='bbox 888 473 1066 536; x_wconf 75' lang='lat' dir='ltr'><strong>consensa</strong></span> <span class='ocrx_word' id='word_1_5' title='bbox 1088 483 1260 537; x_wconf 79' lang='grc'><strong>11111111.</strong></span> <span class='ocrx_word' id='word_1_6' title='bbox 1376 521 1378 531; x_wconf 95' lang='grc'>.</span> 
     </span>
    </p>
   </div>
   <div class='ocr_carea' id='block_1_2' title="bbox 192 649 1823 5319">
    <p class='ocr_par' dir='ltr' id='par_1_2' title="bbox 295 649 1740 744">
     <span class='ocr_line' id='line_1_2' title="bbox 295 649 1740 744; baseline 0.004 -30"><span class='ocrx_word' id='word_1_7' title='bbox 295 658 405 714; x_wconf 74' lang='lat' dir='ltr'><strong>canna</strong></span> <span class='ocrx_word' id='word_1_8' title='bbox 429 649 499 718; x_wconf 82' lang='lat' dir='ltr'><strong>ind.</strong></span> <span class='ocrx_word' id='word_1_9' title='bbox 515 649 612 736; x_wconf 64' lang='lat' dir='ltr'><strong>qaus,</strong></span> <span class='ocrx_word' id='word_1_10' title='bbox 640 673 735 736; x_wconf 82' lang='lat' dir='ltr'><strong>germ.</strong></span> <span class='ocrx_word' id='word_1_11' title='bbox 763 660 828 718; x_wconf 84' lang='lat' dir='ltr'><strong>vet.</strong></span> <span class='ocrx_word' id='word_1_12' title='bbox 851 653 942 736; x_wconf 76' lang='lat' dir='ltr'><strong>abac,</strong></span> <span class='ocrx_word' id='word_1_13' title='bbox 969 653 1076 720; x_wconf 80' lang='lat' dir='ltr'><strong>stand.</strong></span> <span class='ocrx_word' id='word_1_14' title='bbox 1098 653 1148 718; x_wconf 75' lang='lat' dir='ltr'><strong>ka.</strong></span> <span class='ocrx_word' id='word_1_15' title='bbox 1200 651 1322 721; x_wconf 76' lang='lat' dir='ltr'><strong>Contra</strong></span> <span class='ocrx_word' id='word_1_16' title='bbox 1348 656 1458 742; x_wconf 82' lang='lat' dir='ltr'><strong>negari</strong></span> <span class='ocrx_word' id='word_1_17' title='bbox 1484 665 1647 744; x_wconf 86' lang='lat' dir='ltr'><strong>nequeunt</strong></span> <span class='ocrx_word' id='word_1_18' title='bbox 1672 656 1740 722; x_wconf 80' lang='lat' dir='ltr'><strong>inter</strong></span> 
     </span>
    </p>

    <p class='ocr_par' dir='ltr' id='par_1_3' title="bbox 192 749 1818 1855">
     <span class='ocr_line' id='line_1_3' title="bbox 192 749 1740 844; baseline 0.005 -31"><span class='ocrx_word' id='word_1_19' title='bbox 192 774 196 788; x_wconf 71' lang='lat'>=</span> <span class='ocrx_word' id='word_1_20' title='bbox 294 749 414 815; x_wconf 89' lang='lat' dir='ltr'><strong>medias</strong></span> <span class='ocrx_word' id='word_1_21' title='bbox 436 757 613 836; x_wconf 76' lang='lat' dir='ltr'><strong>tenuesque</strong></span> <span class='ocrx_word' id='word_1_22' title='bbox 635 751 859 818; x_wconf 78' lang='lat' dir='ltr'><strong>alternationes</strong></span> <span class='ocrx_word' id='word_1_23' title='bbox 882 753 1037 839; x_wconf 75' lang='lat' dir='ltr'>quaedam</span> <span class='ocrx_word' id='word_1_24' title='bbox 1050 753 1154 821; x_wconf 87' lang='lat' dir='ltr'><strong>faotae</strong></span> <span class='ocrx_word' id='word_1_25' title='bbox 1176 762 1286 820; x_wconf 90' lang='lat' dir='ltr'><strong>contra</strong></span> <span class='ocrx_word' id='word_1_26' title='bbox 1300 771 1497 821; x_wconf 89' lang='lat' dir='ltr'><strong>communem</strong></span> <span class='ocrx_word' id='word_1_27' title='bbox 1510 757 1661 844; x_wconf 87' lang='lat' dir='ltr'><strong>regulam,</strong></span> <span class='ocrx_word' id='word_1_28' title='bbox 1682 779 1740 844; x_wconf 73' lang='lat' dir='ltr'><strong>par</strong></span> 
     </span>
     <span class='ocr_line' id='line_1_4' title="bbox 293 851 1742 944; baseline 0.007 -30"><span class='ocrx_word' id='word_1_29' title='bbox 293 851 350 914; x_wconf 87' lang='lat' dir='ltr'><strong>tim</strong></span> <span class='ocrx_word' id='word_1_30' title='bbox 372 851 443 916; x_wconf 91' lang='lat' dir='ltr'><strong>sine</strong></span> <span class='ocrx_word' id='word_1_31' title='bbox 465 851 561 918; x_wconf 92' lang='lat' dir='ltr'><strong>dubio</strong></span> <span class='ocrx_word' id='word_1_32' title='bbox 584 852 770 918; x_wconf 81' lang='lat' dir='ltr'>recentioris</span> <span class='ocrx_word' id='word_1_33' title='bbox 792 853 934 938; x_wconf 88' lang='lat' dir='ltr'><strong>originis,</strong></span> <span class='ocrx_word' id='word_1_34' title='bbox 956 853 991 919; x_wconf 91' lang='lat' dir='ltr'><strong>in</strong></span> <span class='ocrx_word' id='word_1_35' title='bbox 1013 855 1085 922; x_wconf 87' lang='lat' dir='ltr'><strong>aliis</strong></span> <span class='ocrx_word' id='word_1_36' title='bbox 1106 864 1211 921; x_wconf 88' lang='lat' dir='ltr'><strong>tamen</strong></span> <span class='ocrx_word' id='word_1_37' title='bbox 1234 879 1414 922; x_wconf 90' lang='lat' dir='ltr'><strong>communes</strong></span> <span class='ocrx_word' id='word_1_38' title='bbox 1437 865 1468 921; x_wconf 92' lang='lat' dir='ltr'><strong>et</strong></span> <span class='ocrx_word' id='word_1_39' title='bbox 1489 858 1648 944; x_wconf 87' lang='lat' dir='ltr'><strong>antiquae.</strong></span> <span class='ocrx_word' id='word_1_40' title='bbox 1689 857 1742 924; x_wconf 80' lang='lat' dir='ltr'><strong>En-</strong></span> 
     </span>
     <span class='ocr_line' id='line_1_5' title="bbox 296 951 1741 1046; baseline 0.008 -32"><span class='ocrx_word' id='word_1_41' title='bbox 296 951 399 1037; x_wconf 87' lang='lat' dir='ltr'><strong>empla</strong></span> <span class='ocrx_word' id='word_1_42' title='bbox 423 953 548 1018; x_wconf 91' lang='lat' dir='ltr'><strong>mediae</strong></span> <span class='ocrx_word' id='word_1_43' title='bbox 576 951 611 1016; x_wconf 92' lang='lat' dir='ltr'><strong>in</strong></span> <span class='ocrx_word' id='word_1_44' title='bbox 638 961 765 1018; x_wconf 90' lang='lat' dir='ltr'><strong>tenuem</strong></span> <span class='ocrx_word' id='word_1_45' title='bbox 791 963 1027 1040; x_wconf 76' lang='lat' dir='ltr'><strong>transgressae:</strong></span> <span class='ocrx_word' id='word_1_46' title='bbox 1054 957 1118 1026; x_wconf 90' lang='lat' dir='ltr'><strong>hib.</strong></span> <span class='ocrx_word' id='word_1_47' title='bbox 1141 965 1203 1022; x_wconf 90' lang='lat' dir='ltr'><strong>vet.</strong></span> <span class='ocrx_word' id='word_1_48' title='bbox 1234 967 1319 1043; x_wconf 74' lang='lat' dir='ltr'><strong>tempe</strong></span> <span class='ocrx_word' id='word_1_49' title='bbox 1340 957 1464 1042; x_wconf 78' lang='lat' dir='ltr'><strong>(lingua</strong></span> <span class='ocrx_word' id='word_1_50' title='bbox 1478 987 1510 1012; x_wconf 93' lang='lat'>=</span> <span class='ocrx_word' id='word_1_51' title='bbox 1527 959 1664 1046; x_wconf 80' lang='lat' dir='ltr'><strong>diapaa,</strong></span> <span class='ocrx_word' id='word_1_52' title='bbox 1691 969 1741 1046; x_wconf 88' lang='lat' dir='ltr'><strong>got</strong></span> 
     </span>
     <span class='ocr_line' id='line_1_6' title="bbox 293 1053 1742 1148; baseline 0.009 -34"><span class='ocrx_word' id='word_1_53' title='bbox 293 1053 402 1137; x_wconf 17' lang='lat' dir='ltr'><strong>ltaapo)</strong></span> <span class='ocrx_word' id='word_1_54' title='bbox 424 1077 481 1139; x_wconf 93' lang='lat' dir='ltr'><strong>pro</strong></span> <span class='ocrx_word' id='word_1_55' title='bbox 504 1055 612 1139; x_wconf 75' lang='lat' dir='ltr'><strong>derepe3</strong></span> <span class='ocrx_word' id='word_1_56' title='bbox 635 1053 699 1120; x_wconf 90' lang='lat' dir='ltr'><strong>bib.</strong></span> <span class='ocrx_word' id='word_1_57' title='bbox 714 1064 777 1122; x_wconf 93' lang='lat' dir='ltr'><strong>vet.</strong></span> <span class='ocrx_word' id='word_1_58' title='bbox 794 1057 883 1138; x_wconf 72' lang='lat' dir='ltr'><strong>cenci,</strong></span> <span class='ocrx_word' id='word_1_59' title='bbox 908 1060 1023 1124; x_wconf 83' lang='lat' dir='ltr'><strong>eambr.</strong></span> <span class='ocrx_word' id='word_1_60' title='bbox 1045 1066 1108 1124; x_wconf 91' lang='lat' dir='ltr'><strong>vet.</strong></span> <span class='ocrx_word' id='word_1_61' title='bbox 1133 1059 1228 1122; x_wconf 82' lang='lat' dir='ltr'><strong>ceaetl</strong></span> <span class='ocrx_word' id='word_1_62' title='bbox 1248 1058 1390 1144; x_wconf 90' lang='lat' dir='ltr'><strong>(genus),</strong></span> <span class='ocrx_word' id='word_1_63' title='bbox 1413 1058 1452 1124; x_wconf 85' lang='lat' dir='ltr'><strong>ef.</strong></span> <span class='ocrx_word' id='word_1_64' title='bbox 1469 1059 1586 1144; x_wconf 87' lang='lat' dir='ltr'><strong>gallica</strong></span> <span class='ocrx_word' id='word_1_65' title='bbox 1607 1071 1742 1148; x_wconf 83' lang='lat' dir='ltr'><strong>patrony-</strong></span> 
     </span>
     <span class='ocr_line' id='line_1_7' title="bbox 294 1153 1743 1246; baseline 0.007 -30"><span class='ocrx_word' id='word_1_66' title='bbox 294 1153 376 1218; x_wconf 85' lang='lat' dir='ltr'><strong>mica</strong></span> <span class='ocrx_word' id='word_1_67' title='bbox 393 1153 601 1236; x_wconf 77' lang='lat' dir='ltr'><strong>Toattreicaos,</strong></span> <span class='ocrx_word' id='word_1_68' title='bbox 626 1155 840 1242; x_wconf 68' lang='lat' dir='ltr'><strong>Oppianicum,</strong></span> <span class='ocrx_word' id='word_1_69' title='bbox 863 1157 1037 1240; x_wconf 81' lang='lat' dir='ltr'><strong>Tratilcaos,</strong></span> <span class='ocrx_word' id='word_1_70' title='bbox 1061 1158 1286 1241; x_wconf 79' lang='lat' dir='ltr'><strong>Taaotab&#39;kaoi,</strong></span> <span class='ocrx_word' id='word_1_71' title='bbox 1310 1181 1419 1224; x_wconf 89' lang='lat' dir='ltr'><strong>verum</strong></span> <span class='ocrx_word' id='word_1_72' title='bbox 1434 1159 1513 1224; x_wconf 89' lang='lat' dir='ltr'><strong>alias</strong></span> <span class='ocrx_word' id='word_1_73' title='bbox 1528 1163 1743 1246; x_wconf 49' lang='grc'><strong>1191111111-</strong></span> 
     </span>
     <span class='ocr_line' id='line_1_8' title="bbox 294 1257 1817 1346; baseline 0.006 -29"><span class='ocrx_word' id='word_1_74' title='bbox 294 1261 346 1320; x_wconf 87' lang='lat' dir='ltr'><strong>tus</strong></span> <span class='ocrx_word' id='word_1_75' title='bbox 369 1257 449 1338; x_wconf 88' lang='lat' dir='ltr'><strong>est);</strong></span> <span class='ocrx_word' id='word_1_76' title='bbox 477 1257 542 1328; x_wconf 89' lang='lat' dir='ltr'><strong>hib.</strong></span> <span class='ocrx_word' id='word_1_77' title='bbox 564 1268 628 1324; x_wconf 87' lang='lat' dir='ltr'><strong>vet.</strong></span> <span class='ocrx_word' id='word_1_78' title='bbox 657 1258 788 1340; x_wconf 81' lang='lat' dir='ltr'><strong>claidcb,</strong></span> <span class='ocrx_word' id='word_1_79' title='bbox 819 1259 934 1324; x_wconf 87' lang='lat' dir='ltr'><strong>eambr.</strong></span> <span class='ocrx_word' id='word_1_80' title='bbox 957 1260 1086 1346; x_wconf 70' lang='lat' dir='ltr'><strong>clcddpf</strong></span> <span class='ocrx_word' id='word_1_81' title='bbox 1105 1261 1151 1345; x_wconf 73' lang='lat' dir='ltr'><strong>(z</strong></span> <span class='ocrx_word' id='word_1_82' title='bbox 1167 1261 1219 1326; x_wconf 90' lang='lat' dir='ltr'><strong>lat.</strong></span> <span class='ocrx_word' id='word_1_83' title='bbox 1234 1261 1387 1346; x_wconf 82' lang='lat' dir='ltr'><strong>pladias);</strong></span> <span class='ocrx_word' id='word_1_84' title='bbox 1417 1261 1466 1325; x_wconf 90' lang='lat' dir='ltr'><strong>his</strong></span> <span class='ocrx_word' id='word_1_85' title='bbox 1498 1262 1580 1326; x_wconf 88' lang='lat' dir='ltr'><strong>adde</strong></span> <span class='ocrx_word' id='word_1_86' title='bbox 1608 1263 1671 1330; x_wconf 91' lang='lat' dir='ltr'><strong>hib.</strong></span> <span class='ocrx_word' id='word_1_87' title='bbox 1691 1272 1742 1326; x_wconf 86' lang='lat' dir='ltr'><strong>vet.</strong></span> <span class='ocrx_word' id='word_1_88' title='bbox 1816 1296 1817 1300; x_wconf 65' lang='lat'><strong>,</strong></span> 
     </span>
     <span class='ocr_line' id='line_1_9' title="bbox 294 1356 1743 1448; baseline -0.001 -20"><span class='ocrx_word' id='word_1_89' title='bbox 294 1356 382 1437; x_wconf 68' lang='lat' dir='ltr'><strong>itkim</strong></span> <span class='ocrx_word' id='word_1_90' title='bbox 406 1359 513 1444; x_wconf 87' lang='lat' dir='ltr'><strong>(edo),</strong></span> <span class='ocrx_word' id='word_1_91' title='bbox 542 1359 582 1425; x_wconf 92' lang='lat' dir='ltr'><strong>de</strong></span> <span class='ocrx_word' id='word_1_92' title='bbox 605 1382 667 1445; x_wconf 88' lang='lat' dir='ltr'><strong>quo</strong></span> <span class='ocrx_word' id='word_1_93' title='bbox 688 1361 799 1426; x_wconf 87' lang='lat' dir='ltr'><strong>videas</strong></span> <span class='ocrx_word' id='word_1_94' title='bbox 821 1359 917 1441; x_wconf 79' lang='lat' dir='ltr'><strong>inira,</strong></span> <span class='ocrx_word' id='word_1_95' title='bbox 941 1383 978 1424; x_wconf 90' lang='lat' dir='ltr'><strong>ac</strong></span> <span class='ocrx_word' id='word_1_96' title='bbox 1000 1383 1097 1426; x_wconf 88' lang='lat' dir='ltr'><strong>voees</strong></span> <span class='ocrx_word' id='word_1_97' title='bbox 1120 1385 1217 1448; x_wconf 89' lang='lat' dir='ltr'><strong>supra</strong></span> <span class='ocrx_word' id='word_1_98' title='bbox 1239 1362 1340 1426; x_wconf 88' lang='lat' dir='ltr'><strong>dictas</strong></span> <span class='ocrx_word' id='word_1_99' title='bbox 1361 1361 1426 1427; x_wconf 91' lang='lat' dir='ltr'><strong>hib.</strong></span> <span class='ocrx_word' id='word_1_100' title='bbox 1447 1373 1512 1428; x_wconf 89' lang='lat' dir='ltr'><strong>vet.</strong></span> <span class='ocrx_word' id='word_1_101' title='bbox 1536 1366 1618 1445; x_wconf 57' lang='lat' dir='ltr'><strong>aba,</strong></span> <span class='ocrx_word' id='word_1_102' title='bbox 1642 1365 1743 1428; x_wconf 86' lang='lat' dir='ltr'><strong>cambr.</strong></span> 
     </span>
     <span class='ocr_line' id='line_1_10' title="bbox 296 1461 1817 1550; baseline -0.001 -21"><span class='ocrx_word' id='word_1_103' title='bbox 296 1465 387 1530; x_wconf 76' lang='lat' dir='ltr'><strong>trata</strong></span> <span class='ocrx_word' id='word_1_104' title='bbox 409 1463 553 1547; x_wconf 85' lang='lat' dir='ltr'><strong>(audax),</strong></span> <span class='ocrx_word' id='word_1_105' title='bbox 578 1462 715 1548; x_wconf 89' lang='lat' dir='ltr'><strong>denique</strong></span> <span class='ocrx_word' id='word_1_106' title='bbox 737 1461 909 1527; x_wconf 84' lang='lat' dir='ltr'><strong>cambriae:</strong></span> <span class='ocrx_word' id='word_1_107' title='bbox 933 1462 1036 1543; x_wconf 84' lang='lat' dir='ltr'><strong>cafael</strong></span> <span class='ocrx_word' id='word_1_108' title='bbox 1049 1462 1197 1545; x_wconf 89' lang='lat' dir='ltr'><strong>(sumere,</strong></span> <span class='ocrx_word' id='word_1_109' title='bbox 1216 1485 1344 1549; x_wconf 87' lang='lat' dir='ltr'><strong>capere;</strong></span> <span class='ocrx_word' id='word_1_110' title='bbox 1366 1463 1430 1528; x_wconf 90' lang='lat' dir='ltr'><strong>hib.</strong></span> <span class='ocrx_word' id='word_1_111' title='bbox 1446 1475 1507 1528; x_wconf 90' lang='lat' dir='ltr'><strong>vet.</strong></span> <span class='ocrx_word' id='word_1_112' title='bbox 1522 1464 1644 1550; x_wconf 81' lang='lat' dir='ltr'><strong>paba&#39;l),</strong></span> <span class='ocrx_word' id='word_1_113' title='bbox 1667 1465 1745 1549; x_wconf 86' lang='lat' dir='ltr'><strong>craja</strong></span> <span class='ocrx_word' id='word_1_114' title='bbox 1816 1543 1817 1546; x_wconf 8' lang='grc' dir='ltr'><strong>Ἴ</strong></span> 
     </span>
     <span class='ocr_line' id='line_1_11' title="bbox 297 1553 1817 1653; baseline -0.001 -24"><span class='ocrx_word' id='word_1_115' title='bbox 297 1565 432 1650; x_wconf 86' lang='lat' dir='ltr'><strong>(radere,</strong></span> <span class='ocrx_word' id='word_1_116' title='bbox 457 1563 627 1650; x_wconf 87' lang='lat' dir='ltr'><strong>sculpere),</strong></span> <span class='ocrx_word' id='word_1_117' title='bbox 651 1563 761 1649; x_wconf 84' lang='lat' dir='ltr'><strong>crafcll</strong></span> <span class='ocrx_word' id='word_1_118' title='bbox 783 1562 917 1647; x_wconf 85' lang='lat' dir='ltr'><strong>(redula,</strong></span> <span class='ocrx_word' id='word_1_119' title='bbox 934 1563 1107 1648; x_wconf 88' lang='lat' dir='ltr'><strong>scalprum;</strong></span> <span class='ocrx_word' id='word_1_120' title='bbox 1129 1567 1267 1650; x_wconf 69' lang='lat' dir='ltr'><strong>praescr,</strong></span> <span class='ocrx_word' id='word_1_121' title='bbox 1292 1566 1440 1652; x_wconf 78' lang='lat' dir='ltr'>sculptor,</span> <span class='ocrx_word' id='word_1_122' title='bbox 1464 1566 1497 1630; x_wconf 94' lang='lat' dir='ltr'><strong>in</strong></span> <span class='ocrx_word' id='word_1_123' title='bbox 1511 1564 1660 1653; x_wconf 75' lang='lat' dir='ltr'><strong>Vocab.)</strong></span> <span class='ocrx_word' id='word_1_124' title='bbox 1681 1587 1746 1652; x_wconf 77' lang='lat' dir='ltr'><strong>papa</strong></span> <span class='ocrx_word' id='word_1_125' title='bbox 1816 1553 1817 1556; x_wconf 23' lang='lat'>¹</span> 
     </span>
     <span class='ocr_line' id='line_1_12' title="bbox 291 1663 1744 1752; baseline 0.001 -23"><span class='ocrx_word' id='word_1_126' title='bbox 291 1667 426 1752; x_wconf 78' lang='lat' dir='ltr'><strong>prpder&#39;a</strong></span> <span class='ocrx_word' id='word_1_127' title='bbox 448 1665 631 1750; x_wconf 82' lang='lat' dir='ltr'><strong>(Britannia</strong></span> <span class='ocrx_word' id='word_1_128' title='bbox 651 1664 771 1749; x_wconf 89' lang='lat' dir='ltr'><strong>insula)</strong></span> <span class='ocrx_word' id='word_1_129' title='bbox 801 1663 888 1730; x_wconf 87' lang='lat' dir='ltr'><strong>Mab.</strong></span> <span class='ocrx_word' id='word_1_130' title='bbox 908 1663 953 1750; x_wconf 77' lang='lat' dir='ltr'><strong>tq.</strong></span> <span class='ocrx_word' id='word_1_131' title='bbox 995 1663 1152 1750; x_wconf 88' lang='lat' dir='ltr'><strong>Exempla</strong></span> <span class='ocrx_word' id='word_1_132' title='bbox 1180 1667 1284 1731; x_wconf 90' lang='lat' dir='ltr'><strong>tenuis</strong></span> <span class='ocrx_word' id='word_1_133' title='bbox 1306 1676 1526 1752; x_wconf 83' lang='lat' dir='ltr'><strong>transgressae</strong></span> <span class='ocrx_word' id='word_1_134' title='bbox 1552 1667 1586 1732; x_wconf 91' lang='lat' dir='ltr'><strong>in</strong></span> <span class='ocrx_word' id='word_1_135' title='bbox 1607 1669 1744 1733; x_wconf 88' lang='lat' dir='ltr'><strong>madiam:</strong></span> 
     </span>
     <span class='ocr_line' id='line_1_13' title="bbox 296 1753 1747 1855; baseline 0 -23"><span class='ocrx_word' id='word_1_136' title='bbox 296 1767 360 1832; x_wconf 91' lang='lat' dir='ltr'><strong>hib.</strong></span> <span class='ocrx_word' id='word_1_137' title='bbox 383 1775 445 1832; x_wconf 91' lang='lat' dir='ltr'><strong>vet.</strong></span> <span class='ocrx_word' id='word_1_138' title='bbox 468 1767 516 1849; x_wconf 82' lang='lat' dir='ltr'><strong>do,</strong></span> <span class='ocrx_word' id='word_1_139' title='bbox 540 1768 654 1834; x_wconf 87' lang='lat' dir='ltr'><strong>eambr.</strong></span> <span class='ocrx_word' id='word_1_140' title='bbox 670 1767 712 1852; x_wconf 74' lang='lat' dir='ltr'><strong>dp</strong></span> <span class='ocrx_word' id='word_1_141' title='bbox 734 1766 781 1851; x_wconf 90' lang='lat'><strong>(=</strong></span> <span class='ocrx_word' id='word_1_142' title='bbox 797 1753 880 1842; x_wconf 57' lang='lat' dir='ltr'><strong>taam</strong></span> <span class='ocrx_word' id='word_1_143' title='bbox 900 1789 990 1851; x_wconf 90' lang='lat' dir='ltr'><strong>pron.</strong></span> <span class='ocrx_word' id='word_1_144' title='bbox 1006 1769 1174 1854; x_wconf 84' lang='lat' dir='ltr'><strong>possess),</strong></span> <span class='ocrx_word' id='word_1_145' title='bbox 1197 1767 1262 1832; x_wconf 93' lang='lat' dir='ltr'><strong>hib.</strong></span> <span class='ocrx_word' id='word_1_146' title='bbox 1282 1768 1377 1854; x_wconf 73' lang='lat' dir='ltr'><strong>potat</strong></span> <span class='ocrx_word' id='word_1_147' title='bbox 1398 1767 1445 1851; x_wconf 91' lang='lat'><strong>(=</strong></span> <span class='ocrx_word' id='word_1_148' title='bbox 1458 1770 1590 1853; x_wconf 79' lang='lat' dir='ltr'><strong>capere),</strong></span> <span class='ocrx_word' id='word_1_149' title='bbox 1614 1769 1677 1836; x_wconf 89' lang='lat' dir='ltr'><strong>bib.</strong></span> <span class='ocrx_word' id='word_1_150' title='bbox 1697 1793 1747 1855; x_wconf 79' lang='lat' dir='ltr'><strong>pa·</strong></span> 
     </span>
    </p>

    <p class='ocr_par' dir='ltr' id='par_1_4' title="bbox 215 1863 1818 2458">
     <span class='ocr_line' id='line_1_14' title="bbox 215 1863 1747 1956; baseline 0.002 -26"><span class='ocrx_word' id='word_1_151' title='bbox 215 1885 216 1888; x_wconf 72' lang='grc'>’</span> <span class='ocrx_word' id='word_1_152' title='bbox 298 1867 363 1948; x_wconf 82' lang='lat' dir='ltr'><strong>bar,</strong></span> <span class='ocrx_word' id='word_1_153' title='bbox 387 1867 502 1932; x_wconf 88' lang='lat' dir='ltr'><strong>cambr.</strong></span> <span class='ocrx_word' id='word_1_154' title='bbox 515 1870 612 1953; x_wconf 79' lang='lat' dir='ltr'><strong>pafar</strong></span> <span class='ocrx_word' id='word_1_155' title='bbox 634 1867 681 1952; x_wconf 90' lang='lat'><strong>(=</strong></span> <span class='ocrx_word' id='word_1_156' title='bbox 697 1890 803 1954; x_wconf 79' lang='lat' dir='ltr'><strong>capcr3</strong></span> <span class='ocrx_word' id='word_1_157' title='bbox 825 1869 888 1932; x_wconf 89' lang='lat' dir='ltr'><strong>iam</strong></span> <span class='ocrx_word' id='word_1_158' title='bbox 909 1869 943 1933; x_wconf 90' lang='lat' dir='ltr'><strong>in</strong></span> <span class='ocrx_word' id='word_1_159' title='bbox 963 1869 1098 1934; x_wconf 90' lang='lat' dir='ltr'><strong>vetustis</strong></span> <span class='ocrx_word' id='word_1_160' title='bbox 1120 1871 1300 1936; x_wconf 88' lang='lat' dir='ltr'><strong>nominibus</strong></span> <span class='ocrx_word' id='word_1_161' title='bbox 1317 1870 1441 1956; x_wconf 86' lang='lat' dir='ltr'><strong>gallicis</strong></span> <span class='ocrx_word' id='word_1_162' title='bbox 1460 1863 1587 1952; x_wconf 80' lang='lat' dir='ltr'><strong>Gabali,</strong></span> <span class='ocrx_word' id='word_1_163' title='bbox 1615 1866 1747 1948; x_wconf 73' lang='lat' dir='ltr'><strong>Gabreta,</strong></span> 
     </span>
     <span class='ocr_line' id='line_1_15' title="bbox 301 1961 1818 2061; baseline 0.002 -29"><span class='ocrx_word' id='word_1_164' title='bbox 301 1961 537 2054; x_wconf 64' lang='lat' dir='ltr'><strong>Gamomapae).</strong></span> <span class='ocrx_word' id='word_1_165' title='bbox 566 1967 618 2034; x_wconf 91' lang='lat' dir='ltr'><strong>De</strong></span> <span class='ocrx_word' id='word_1_166' title='bbox 638 1979 858 2056; x_wconf 80' lang='lat' dir='ltr'><strong>transgressae</strong></span> <span class='ocrx_word' id='word_1_167' title='bbox 878 1995 897 2032; x_wconf 87' lang='lat' dir='ltr'><strong>a</strong></span> <span class='ocrx_word' id='word_1_168' title='bbox 917 1970 951 2034; x_wconf 92' lang='lat' dir='ltr'><strong>in</strong></span> <span class='ocrx_word' id='word_1_169' title='bbox 975 1967 993 2032; x_wconf 81' lang='lat' dir='ltr'><strong>b</strong></span> <span class='ocrx_word' id='word_1_170' title='bbox 1015 1972 1177 2056; x_wconf 86' lang='lat' dir='ltr'><strong>exemplis,</strong></span> <span class='ocrx_word' id='word_1_171' title='bbox 1201 1979 1236 2034; x_wconf 90' lang='lat' dir='ltr'><strong>ut</strong></span> <span class='ocrx_word' id='word_1_172' title='bbox 1257 1972 1327 2036; x_wconf 90' lang='lat' dir='ltr'><strong>brit.</strong></span> <span class='ocrx_word' id='word_1_173' title='bbox 1345 1971 1396 2034; x_wconf 87' lang='lat' dir='ltr'><strong>ber</strong></span> <span class='ocrx_word' id='word_1_174' title='bbox 1410 1970 1457 2054; x_wconf 90' lang='lat'><strong>(=</strong></span> <span class='ocrx_word' id='word_1_175' title='bbox 1472 1971 1561 2056; x_wconf 69' lang='lat' dir='ltr'><strong>aaa)</strong></span> <span class='ocrx_word' id='word_1_176' title='bbox 1583 1971 1672 2053; x_wconf 80' lang='lat' dir='ltr'><strong>Vota,</strong></span> <span class='ocrx_word' id='word_1_177' title='bbox 1694 1971 1748 2035; x_wconf 91' lang='lat' dir='ltr'><strong>bib.</strong></span> <span class='ocrx_word' id='word_1_178' title='bbox 1817 2057 1818 2061; x_wconf 7' lang='grc' dir='ltr'><strong>Ἰ</strong></span> 
     </span>
     <span class='ocr_line' id='line_1_16' title="bbox 296 2069 1818 2158; baseline 0.001 -24"><span class='ocrx_word' id='word_1_179' title='bbox 296 2078 359 2136; x_wconf 89' lang='lat' dir='ltr'><strong>vet.</strong></span> <span class='ocrx_word' id='word_1_180' title='bbox 389 2069 512 2150; x_wconf 74' lang='lat' dir='ltr'><strong>hirciae,</strong></span> <span class='ocrx_word' id='word_1_181' title='bbox 541 2069 652 2136; x_wconf 78' lang='lat' dir='ltr'><strong>heracla</strong></span> <span class='ocrx_word' id='word_1_182' title='bbox 678 2070 903 2156; x_wconf 70' lang='lat' dir='ltr'><strong>(girelmus)</strong></span> <span class='ocrx_word' id='word_1_183' title='bbox 925 2070 1060 2156; x_wconf 81' lang='lat' dir='ltr'><strong>Sg.60·‚</strong></span> <span class='ocrx_word' id='word_1_184' title='bbox 1088 2071 1142 2136; x_wconf 92' lang='lat' dir='ltr'><strong>vel</strong></span> <span class='ocrx_word' id='word_1_185' title='bbox 1166 2071 1230 2136; x_wconf 89' lang='lat' dir='ltr'><strong>hib.</strong></span> <span class='ocrx_word' id='word_1_186' title='bbox 1254 2072 1324 2137; x_wconf 87' lang='lat' dir='ltr'><strong>brit.</strong></span> <span class='ocrx_word' id='word_1_187' title='bbox 1354 2071 1433 2136; x_wconf 82' lang='lat' dir='ltr'><strong>tran</strong></span> <span class='ocrx_word' id='word_1_188' title='bbox 1460 2071 1607 2158; x_wconf 89' lang='lat' dir='ltr'><strong>(corvus)</strong></span> <span class='ocrx_word' id='word_1_189' title='bbox 1635 2102 1665 2126; x_wconf 92' lang='lat'>=</span> <span class='ocrx_word' id='word_1_190' title='bbox 1682 2072 1748 2137; x_wconf 87' lang='lat' dir='ltr'><strong>slav.</strong></span> <span class='ocrx_word' id='word_1_191' title='bbox 1817 2083 1818 2148; x_wconf 66' lang='grc' dir='ltr'>ζ</span> 
     </span>
     <span class='ocr_line' id='line_1_17' title="bbox 298 2170 1749 2260; baseline 0.001 -27"><span class='ocrx_word' id='word_1_192' title='bbox 298 2173 409 2252; x_wconf 56' lang='lat' dir='ltr'><strong>evomi</strong></span> <span class='ocrx_word' id='word_1_193' title='bbox 431 2170 477 2235; x_wconf 93' lang='lat' dir='ltr'><strong>lit.</strong></span> <span class='ocrx_word' id='word_1_194' title='bbox 501 2171 625 2255; x_wconf 77' lang='lat' dir='ltr'><strong>adanae,</strong></span> <span class='ocrx_word' id='word_1_195' title='bbox 649 2175 758 2255; x_wconf 74' lang='lat' dir='ltr'><strong>carna,</strong></span> <span class='ocrx_word' id='word_1_196' title='bbox 781 2182 816 2238; x_wconf 93' lang='lat' dir='ltr'><strong>ut</strong></span> <span class='ocrx_word' id='word_1_197' title='bbox 838 2174 877 2239; x_wconf 93' lang='lat' dir='ltr'><strong>de</strong></span> <span class='ocrx_word' id='word_1_198' title='bbox 900 2175 1016 2238; x_wconf 90' lang='lat' dir='ltr'><strong>cambr.</strong></span> <span class='ocrx_word' id='word_1_199' title='bbox 1038 2182 1100 2240; x_wconf 89' lang='lat' dir='ltr'><strong>vet.</strong></span> <span class='ocrx_word' id='word_1_200' title='bbox 1123 2171 1172 2236; x_wconf 82' lang='lat' dir='ltr'><strong>iob</strong></span> <span class='ocrx_word' id='word_1_201' title='bbox 1195 2171 1242 2256; x_wconf 86' lang='lat'><strong>(=</strong></span> <span class='ocrx_word' id='word_1_202' title='bbox 1260 2171 1320 2253; x_wconf 85' lang='lat' dir='ltr'><strong>Ioa,</strong></span> <span class='ocrx_word' id='word_1_203' title='bbox 1343 2172 1480 2260; x_wconf 84' lang='lat' dir='ltr'><strong>Iupiter)</strong></span> <span class='ocrx_word' id='word_1_204' title='bbox 1502 2173 1545 2259; x_wconf 88' lang='lat' dir='ltr'><strong>gl.</strong></span> <span class='ocrx_word' id='word_1_205' title='bbox 1569 2173 1672 2239; x_wconf 88' lang='lat' dir='ltr'><strong>Oxon.</strong></span> <span class='ocrx_word' id='word_1_206' title='bbox 1694 2173 1749 2238; x_wconf 91' lang='lat' dir='ltr'><strong>bib.</strong></span> 
     </span>
     <span class='ocr_line' id='line_1_18' title="bbox 297 2271 1749 2362; baseline -0.001 -24"><span class='ocrx_word' id='word_1_207' title='bbox 297 2281 359 2340; x_wconf 85' lang='lat' dir='ltr'><strong>vet.</strong></span> <span class='ocrx_word' id='word_1_208' title='bbox 388 2283 439 2335; x_wconf 82' lang='lat' dir='ltr'><strong>tar</strong></span> <span class='ocrx_word' id='word_1_209' title='bbox 465 2272 526 2336; x_wconf 82' lang='lat' dir='ltr'><strong>ioa&#39;b</strong></span> <span class='ocrx_word' id='word_1_210' title='bbox 554 2271 626 2360; x_wconf 86' lang='lat' dir='ltr'><strong>(per</strong></span> <span class='ocrx_word' id='word_1_211' title='bbox 646 2273 771 2361; x_wconf 88' lang='lat' dir='ltr'><strong>Iovem)</strong></span> <span class='ocrx_word' id='word_1_212' title='bbox 800 2275 854 2362; x_wconf 84' lang='lat' dir='ltr'><strong>Sg.</strong></span> <span class='ocrx_word' id='word_1_213' title='bbox 877 2277 968 2357; x_wconf 68' lang='lat'><strong>217⁶,</strong></span> <span class='ocrx_word' id='word_1_214' title='bbox 996 2275 1060 2342; x_wconf 89' lang='lat' dir='ltr'><strong>bib.</strong></span> <span class='ocrx_word' id='word_1_215' title='bbox 1082 2284 1145 2340; x_wconf 89' lang='lat' dir='ltr'><strong>vet.</strong></span> <span class='ocrx_word' id='word_1_216' title='bbox 1160 2273 1240 2356; x_wconf 77' lang='lat' dir='ltr'><strong>fcdb</strong></span> <span class='ocrx_word' id='word_1_217' title='bbox 1267 2273 1394 2357; x_wconf 82' lang='lat' dir='ltr'><strong>(vidua3</strong></span> <span class='ocrx_word' id='word_1_218' title='bbox 1424 2276 1502 2340; x_wconf 89' lang='lat' dir='ltr'><strong>slav.</strong></span> <span class='ocrx_word' id='word_1_219' title='bbox 1532 2275 1656 2358; x_wconf 75' lang='lat' dir='ltr'><strong>atdoaa)</strong></span> <span class='ocrx_word' id='word_1_220' title='bbox 1684 2271 1749 2338; x_wconf 85' lang='lat' dir='ltr'><strong>Wb.</strong></span> 
     </span>
     <span class='ocr_line' id='line_1_19' title="bbox 298 2371 1719 2458; baseline 0.002 -20"><span class='ocrx_word' id='word_1_221' title='bbox 298 2372 380 2438; x_wconf 83' lang='lat' dir='ltr'><strong>infra</strong></span> <span class='ocrx_word' id='word_1_222' title='bbox 401 2371 448 2458; x_wconf 95' lang='lat' dir='ltr'><strong>(p.</strong></span> <span class='ocrx_word' id='word_1_223' title='bbox 464 2371 520 2456; x_wconf 81' lang='lat'><strong>54)</strong></span> <span class='ocrx_word' id='word_1_224' title='bbox 545 2375 727 2442; x_wconf 88' lang='lat' dir='ltr'><strong>disseretur.</strong></span> <span class='ocrx_word' id='word_1_225' title='bbox 1714 2447 1719 2458; x_wconf 57' lang='lat'><strong>,</strong></span> 
     </span>
    </p>

    <p class='ocr_par' dir='ltr' id='par_1_5' title="bbox 298 2473 1753 2974">
     <span class='ocr_line' id='line_1_20' title="bbox 383 2473 1750 2562; baseline 0.001 -25"><span class='ocrx_word' id='word_1_226' title='bbox 383 2473 423 2538; x_wconf 86' lang='lat' dir='ltr'><strong>[n</strong></span> <span class='ocrx_word' id='word_1_227' title='bbox 445 2474 555 2559; x_wconf 88' lang='lat' dir='ltr'><strong>lingua</strong></span> <span class='ocrx_word' id='word_1_228' title='bbox 575 2475 675 2562; x_wconf 88' lang='lat' dir='ltr'><strong>igitur</strong></span> <span class='ocrx_word' id='word_1_229' title='bbox 697 2478 811 2544; x_wconf 87' lang='lat' dir='ltr'><strong>celtica</strong></span> <span class='ocrx_word' id='word_1_230' title='bbox 832 2481 921 2545; x_wconf 90' lang='lat' dir='ltr'><strong>utin</strong></span> <span class='ocrx_word' id='word_1_231' title='bbox 937 2479 1058 2546; x_wconf 86' lang='lat' dir='ltr'><strong>slavica</strong></span> <span class='ocrx_word' id='word_1_232' title='bbox 1079 2487 1111 2544; x_wconf 94' lang='lat' dir='ltr'><strong>et</strong></span> <span class='ocrx_word' id='word_1_233' title='bbox 1123 2479 1277 2544; x_wconf 86' lang='lat' dir='ltr'><strong>lituanica</strong></span> <span class='ocrx_word' id='word_1_234' title='bbox 1298 2478 1459 2544; x_wconf 84' lang='lat' dir='ltr'><strong>destructa</strong></span> <span class='ocrx_word' id='word_1_235' title='bbox 1474 2487 1523 2542; x_wconf 91' lang='lat' dir='ltr'><strong>est</strong></span> <span class='ocrx_word' id='word_1_236' title='bbox 1545 2477 1660 2543; x_wconf 85' lang='lat' dir='ltr'><strong>classis</strong></span> <span class='ocrx_word' id='word_1_237' title='bbox 1677 2474 1750 2562; x_wconf 88' lang='lat' dir='ltr'><strong>aspi-</strong></span> 
     </span>
     <span class='ocr_line' id='line_1_21' title="bbox 298 2575 1752 2664; baseline 0.001 -23"><span class='ocrx_word' id='word_1_238' title='bbox 298 2585 436 2642; x_wconf 81' lang='lat' dir='ltr'><strong>raturum</strong></span> <span class='ocrx_word' id='word_1_239' title='bbox 457 2575 663 2662; x_wconf 86' lang='lat' dir='ltr'><strong>pristinarum</strong></span> <span class='ocrx_word' id='word_1_240' title='bbox 683 2580 941 2664; x_wconf 85' lang='lat' dir='ltr'><strong>transgressione</strong></span> <span class='ocrx_word' id='word_1_241' title='bbox 962 2580 996 2646; x_wconf 93' lang='lat' dir='ltr'><strong>in</strong></span> <span class='ocrx_word' id='word_1_242' title='bbox 1011 2581 1141 2662; x_wconf 87' lang='lat' dir='ltr'><strong>medias,</strong></span> <span class='ocrx_word' id='word_1_243' title='bbox 1164 2605 1229 2646; x_wconf 92' lang='lat' dir='ltr'><strong>non</strong></span> <span class='ocrx_word' id='word_1_244' title='bbox 1245 2590 1318 2646; x_wconf 90' lang='lat' dir='ltr'><strong>sunt</strong></span> <span class='ocrx_word' id='word_1_245' title='bbox 1333 2581 1512 2645; x_wconf 81' lang='lat' dir='ltr'><strong>destructae</strong></span> <span class='ocrx_word' id='word_1_246' title='bbox 1531 2590 1659 2645; x_wconf 85' lang='lat' dir='ltr'><strong>ceterae</strong></span> <span class='ocrx_word' id='word_1_247' title='bbox 1681 2599 1752 2664; x_wconf 80' lang='lat' dir='ltr'><strong>quas</strong></span> 
     </span>
     <span class='ocr_line' id='line_1_22' title="bbox 298 2676 1752 2768; baseline 0.002 -25"><span class='ocrx_word' id='word_1_248' title='bbox 298 2679 334 2743; x_wconf 88' lang='lat' dir='ltr'><strong>in</strong></span> <span class='ocrx_word' id='word_1_249' title='bbox 355 2676 536 2764; x_wconf 87' lang='lat' dir='ltr'><strong>germanica</strong></span> <span class='ocrx_word' id='word_1_250' title='bbox 556 2677 627 2742; x_wconf 91' lang='lat' dir='ltr'><strong>loco</strong></span> <span class='ocrx_word' id='word_1_251' title='bbox 649 2689 753 2744; x_wconf 89' lang='lat' dir='ltr'><strong>motae</strong></span> <span class='ocrx_word' id='word_1_252' title='bbox 775 2691 859 2746; x_wconf 88' lang='lat' dir='ltr'><strong>sunt.</strong></span> <span class='ocrx_word' id='word_1_253' title='bbox 902 2681 995 2748; x_wconf 88' lang='lat' dir='ltr'><strong>Haec</strong></span> <span class='ocrx_word' id='word_1_254' title='bbox 1016 2681 1174 2768; x_wconf 88' lang='lat' dir='ltr'><strong>generalis</strong></span> <span class='ocrx_word' id='word_1_255' title='bbox 1198 2691 1247 2748; x_wconf 87' lang='lat' dir='ltr'><strong>est</strong></span> <span class='ocrx_word' id='word_1_256' title='bbox 1266 2681 1377 2768; x_wconf 87' lang='lat' dir='ltr'><strong>regula</strong></span> <span class='ocrx_word' id='word_1_257' title='bbox 1400 2701 1609 2746; x_wconf 89' lang='lat' dir='ltr'><strong>consonarum</strong></span> <span class='ocrx_word' id='word_1_258' title='bbox 1633 2679 1752 2746; x_wconf 88' lang='lat' dir='ltr'><strong>celtica·</strong></span> 
     </span>
     <span class='ocr_line' id='line_1_23' title="bbox 299 2778 1753 2870; baseline 0 -26"><span class='ocrx_word' id='word_1_259' title='bbox 299 2803 377 2848; x_wconf 90' lang='lat' dir='ltr'><strong>rum.</strong></span> <span class='ocrx_word' id='word_1_260' title='bbox 428 2778 510 2848; x_wconf 86' lang='lat' dir='ltr'><strong>Sunt</strong></span> <span class='ocrx_word' id='word_1_261' title='bbox 529 2787 636 2846; x_wconf 87' lang='lat' dir='ltr'><strong>tamen</strong></span> <span class='ocrx_word' id='word_1_262' title='bbox 658 2782 749 2867; x_wconf 90' lang='lat' dir='ltr'><strong>quasi</strong></span> <span class='ocrx_word' id='word_1_263' title='bbox 771 2783 928 2868; x_wconf 84' lang='lat' dir='ltr'><strong>quaedam</strong></span> <span class='ocrx_word' id='word_1_264' title='bbox 949 2784 1065 2848; x_wconf 86' lang='lat' dir='ltr'><strong>rudera</strong></span> <span class='ocrx_word' id='word_1_265' title='bbox 1087 2783 1309 2870; x_wconf 78' lang='lat' dir='ltr'><strong>aspiraturum,</strong></span> <span class='ocrx_word' id='word_1_266' title='bbox 1332 2784 1453 2849; x_wconf 89' lang='lat' dir='ltr'><strong>tamin</strong></span> <span class='ocrx_word' id='word_1_267' title='bbox 1475 2781 1589 2847; x_wconf 87' lang='lat' dir='ltr'><strong>celtica</strong></span> <span class='ocrx_word' id='word_1_268' title='bbox 1614 2805 1707 2868; x_wconf 88' lang='lat' dir='ltr'><strong>quam</strong></span> <span class='ocrx_word' id='word_1_269' title='bbox 1726 2781 1753 2846; x_wconf 90' lang='lat' dir='ltr'><strong>in</strong></span> 
     </span>
     <span class='ocr_line' id='line_1_24' title="bbox 304 2883 1537 2974; baseline -0.002 -22"><span class='ocrx_word' id='word_1_270' title='bbox 304 2885 424 2968; x_wconf 74' lang='lat' dir='ltr'><strong>slavica</strong></span> <span class='ocrx_word' id='word_1_271' title='bbox 444 2884 563 2969; x_wconf 85' lang='lat' dir='ltr'><strong>lingua,</strong></span> <span class='ocrx_word' id='word_1_272' title='bbox 587 2885 627 2950; x_wconf 90' lang='lat' dir='ltr'><strong>de</strong></span> <span class='ocrx_word' id='word_1_273' title='bbox 649 2884 763 2971; x_wconf 89' lang='lat' dir='ltr'><strong>quibus</strong></span> <span class='ocrx_word' id='word_1_274' title='bbox 785 2883 868 2949; x_wconf 82' lang='lat' dir='ltr'><strong>intra</strong></span> <span class='ocrx_word' id='word_1_275' title='bbox 889 2884 1019 2968; x_wconf 87' lang='lat' dir='ltr'><strong>dicetur,</strong></span> <span class='ocrx_word' id='word_1_276' title='bbox 1043 2887 1099 2953; x_wconf 91' lang='lat' dir='ltr'><strong>ubi</strong></span> <span class='ocrx_word' id='word_1_277' title='bbox 1122 2886 1161 2974; x_wconf 89' lang='lat' dir='ltr'><strong>da</strong></span> <span class='ocrx_word' id='word_1_278' title='bbox 1183 2885 1332 2972; x_wconf 86' lang='lat' dir='ltr'><strong>aspiratis</strong></span> <span class='ocrx_word' id='word_1_279' title='bbox 1354 2885 1537 2951; x_wconf 88' lang='lat' dir='ltr'><strong>disseretur.</strong></span> 
     </span>
    </p>

    <p class='ocr_par' dir='ltr' id='par_1_6' title="bbox 301 2961 1823 3277">
     <span class='ocr_line' id='line_1_25' title="bbox 386 2961 1823 3074; baseline -0.003 -20"><span class='ocrx_word' id='word_1_280' title='bbox 386 2979 605 3054; x_wconf 81' lang='lat' dir='ltr'><strong>Consonarum</strong></span> <span class='ocrx_word' id='word_1_281' title='bbox 627 2987 808 3052; x_wconf 87' lang='lat' dir='ltr'><strong>celticarum</strong></span> <span class='ocrx_word' id='word_1_282' title='bbox 831 2988 1073 3074; x_wconf 89' lang='lat' dir='ltr'><strong>dispositionem</strong></span> <span class='ocrx_word' id='word_1_283' title='bbox 1100 2989 1231 3056; x_wconf 88' lang='lat' dir='ltr'><strong>eandem</strong></span> <span class='ocrx_word' id='word_1_284' title='bbox 1259 2987 1358 3054; x_wconf 86' lang='lat' dir='ltr'><strong>fuisse</strong></span> <span class='ocrx_word' id='word_1_285' title='bbox 1385 2997 1526 3074; x_wconf 88' lang='lat' dir='ltr'><strong>tempore</strong></span> <span class='ocrx_word' id='word_1_286' title='bbox 1546 2986 1755 3052; x_wconf 89' lang='lat' dir='ltr'><strong>vetustissimo</strong></span> <span class='ocrx_word' id='word_1_287' title='bbox 1822 2961 1823 2990; x_wconf 43' lang='grc'><strong>1</strong></span> 
     </span>
     <span class='ocr_line' id='line_1_26' title="bbox 302 3087 1755 3177; baseline -0.003 -22"><span class='ocrx_word' id='word_1_288' title='bbox 302 3099 333 3156; x_wconf 91' lang='lat' dir='ltr'><strong>et</strong></span> <span class='ocrx_word' id='word_1_289' title='bbox 355 3097 584 3156; x_wconf 73' lang='lat' dir='ltr'><strong>anteuaetatem</strong></span> <span class='ocrx_word' id='word_1_290' title='bbox 604 3089 832 3170; x_wconf 84' lang='lat' dir='ltr'><strong>Romanorum,</strong></span> <span class='ocrx_word' id='word_1_291' title='bbox 861 3096 949 3175; x_wconf 88' lang='lat' dir='ltr'><strong>patet</strong></span> <span class='ocrx_word' id='word_1_292' title='bbox 970 3113 988 3155; x_wconf 92' lang='lat' dir='ltr'><strong>e</strong></span> <span class='ocrx_word' id='word_1_293' title='bbox 1010 3091 1145 3156; x_wconf 88' lang='lat' dir='ltr'><strong>vetustis</strong></span> <span class='ocrx_word' id='word_1_294' title='bbox 1168 3091 1348 3157; x_wconf 87' lang='lat' dir='ltr'><strong>nominibus</strong></span> <span class='ocrx_word' id='word_1_295' title='bbox 1371 3088 1494 3177; x_wconf 84' lang='lat' dir='ltr'><strong>gallicis</strong></span> <span class='ocrx_word' id='word_1_296' title='bbox 1522 3109 1621 3174; x_wconf 82' lang='lat' dir='ltr'><strong>supra</strong></span> <span class='ocrx_word' id='word_1_297' title='bbox 1643 3087 1755 3152; x_wconf 85' lang='lat' dir='ltr'><strong>allatis:</strong></span> 
     </span>
     <span class='ocr_line' id='line_1_27' title="bbox 301 3183 1679 3277; baseline 0.007 -25"><span class='ocrx_word' id='word_1_298' title='bbox 301 3193 507 3270; x_wconf 76' lang='lat' dir='ltr'><strong>Heaocapc&#39;a,</strong></span> <span class='ocrx_word' id='word_1_299' title='bbox 532 3183 760 3272; x_wconf 79' lang='lat' dir='ltr'><strong>aepasdovioi,</strong></span> <span class='ocrx_word' id='word_1_300' title='bbox 784 3189 959 3277; x_wconf 79' lang='lat' dir='ltr'><strong>Catuslogi,</strong></span> <span class='ocrx_word' id='word_1_301' title='bbox 983 3189 1188 3275; x_wconf 87' lang='lat' dir='ltr'><strong>Gobannitio,</strong></span> <span class='ocrx_word' id='word_1_302' title='bbox 1204 3193 1330 3260; x_wconf 84' lang='lat' dir='ltr'><strong>Gabali.</strong></span> <span class='ocrx_word' id='word_1_303' title='bbox 1449 3239 1451 3244; x_wconf 68' lang='lat'><strong>,</strong></span> <span class='ocrx_word' id='word_1_304' title='bbox 1662 3191 1679 3212; x_wconf 64' lang='lat'>²</span> 
     </span>
    </p>

    <p class='ocr_par' dir='ltr' id='par_1_7' title="bbox 302 3291 1759 3683">
     <span class='ocr_line' id='line_1_28' title="bbox 385 3291 1756 3380; baseline -0.003 -22"><span class='ocrx_word' id='word_1_305' title='bbox 385 3292 576 3358; x_wconf 85' lang='lat' dir='ltr'><strong>Recentiore</strong></span> <span class='ocrx_word' id='word_1_306' title='bbox 602 3291 726 3356; x_wconf 90' lang='lat' dir='ltr'><strong>demum</strong></span> <span class='ocrx_word' id='word_1_307' title='bbox 753 3301 894 3378; x_wconf 89' lang='lat' dir='ltr'><strong>tempore</strong></span> <span class='ocrx_word' id='word_1_308' title='bbox 923 3301 1051 3380; x_wconf 90' lang='lat' dir='ltr'><strong>etpost</strong></span> <span class='ocrx_word' id='word_1_309' title='bbox 1079 3302 1213 3360; x_wconf 87' lang='lat' dir='ltr'><strong>aetatem</strong></span> <span class='ocrx_word' id='word_1_310' title='bbox 1239 3293 1451 3360; x_wconf 87' lang='lat' dir='ltr'><strong>Romanorum</strong></span> <span class='ocrx_word' id='word_1_311' title='bbox 1479 3313 1536 3358; x_wconf 87' lang='lat' dir='ltr'><strong>eae</strong></span> <span class='ocrx_word' id='word_1_312' title='bbox 1559 3291 1756 3356; x_wconf 88' lang='lat' dir='ltr'><strong>alterationes</strong></span> 
     </span>
     <span class='ocr_line' id='line_1_29' title="bbox 303 3390 1757 3481; baseline -0.006 -19"><span class='ocrx_word' id='word_1_313' title='bbox 303 3417 513 3462; x_wconf 86' lang='lat' dir='ltr'><strong>consonarum</strong></span> <span class='ocrx_word' id='word_1_314' title='bbox 535 3393 667 3460; x_wconf 87' lang='lat' dir='ltr'><strong>effectae</strong></span> <span class='ocrx_word' id='word_1_315' title='bbox 692 3401 766 3458; x_wconf 89' lang='lat' dir='ltr'><strong>sunt</strong></span> <span class='ocrx_word' id='word_1_316' title='bbox 787 3394 882 3460; x_wconf 89' lang='lat' dir='ltr'><strong>certis</strong></span> <span class='ocrx_word' id='word_1_317' title='bbox 906 3395 1125 3460; x_wconf 79' lang='lat' dir='ltr'><strong>collocationis</strong></span> <span class='ocrx_word' id='word_1_318' title='bbox 1140 3395 1265 3481; x_wconf 85' lang='lat' dir='ltr'><strong>legibus</strong></span> <span class='ocrx_word' id='word_1_319' title='bbox 1288 3395 1368 3479; x_wconf 87' lang='lat' dir='ltr'><strong>(non</strong></span> <span class='ocrx_word' id='word_1_320' title='bbox 1382 3393 1456 3458; x_wconf 92' lang='lat' dir='ltr'><strong>illae</strong></span> <span class='ocrx_word' id='word_1_321' title='bbox 1476 3391 1608 3480; x_wconf 82' lang='lat' dir='ltr'><strong>quidem</strong></span> <span class='ocrx_word' id='word_1_322' title='bbox 1624 3390 1757 3478; x_wconf 89' lang='lat' dir='ltr'><strong>semper)</strong></span> 
     </span>
     <span class='ocr_line' id='line_1_30' title="bbox 302 3495 1758 3584; baseline -0.006 -20"><span class='ocrx_word' id='word_1_323' title='bbox 302 3509 366 3564; x_wconf 89' lang='lat' dir='ltr'><strong>tam</strong></span> <span class='ocrx_word' id='word_1_324' title='bbox 381 3498 415 3561; x_wconf 91' lang='lat' dir='ltr'><strong>in</strong></span> <span class='ocrx_word' id='word_1_325' title='bbox 430 3496 543 3561; x_wconf 92' lang='lat' dir='ltr'><strong>mediis</strong></span> <span class='ocrx_word' id='word_1_326' title='bbox 557 3495 694 3562; x_wconf 90' lang='lat' dir='ltr'><strong>vocibus&#39;</strong></span> <span class='ocrx_word' id='word_1_327' title='bbox 707 3504 738 3560; x_wconf 90' lang='lat' dir='ltr'><strong>et</strong></span> <span class='ocrx_word' id='word_1_328' title='bbox 753 3495 912 3577; x_wconf 77' lang='lat' dir='ltr'><strong>exmemis,</strong></span> <span class='ocrx_word' id='word_1_329' title='bbox 935 3517 1028 3580; x_wconf 88' lang='lat' dir='ltr'><strong>quam</strong></span> <span class='ocrx_word' id='word_1_330' title='bbox 1048 3496 1083 3560; x_wconf 91' lang='lat' dir='ltr'><strong>in</strong></span> <span class='ocrx_word' id='word_1_331' title='bbox 1097 3497 1254 3584; x_wconf 88' lang='lat' dir='ltr'><strong>principio</strong></span> <span class='ocrx_word' id='word_1_332' title='bbox 1275 3497 1310 3560; x_wconf 91' lang='lat' dir='ltr'><strong>in</strong></span> <span class='ocrx_word' id='word_1_333' title='bbox 1325 3504 1474 3561; x_wconf 85' lang='lat' dir='ltr'><strong>contextu</strong></span> <span class='ocrx_word' id='word_1_334' title='bbox 1495 3495 1672 3576; x_wconf 59' lang='lat' dir='ltr'><strong>sermonis)</strong></span> <span class='ocrx_word' id='word_1_335' title='bbox 1685 3515 1758 3580; x_wconf 87' lang='lat' dir='ltr'><strong>quas</strong></span> 
     </span>
     <span class='ocr_line' id='line_1_31' title="bbox 303 3595 1759 3683; baseline -0.005 -18"><span class='ocrx_word' id='word_1_336' title='bbox 303 3601 412 3666; x_wconf 86' lang='lat' dir='ltr'><strong>codem</strong></span> <span class='ocrx_word' id='word_1_337' title='bbox 434 3597 570 3678; x_wconf 89' lang='lat' dir='ltr'><strong>nomina,</strong></span> <span class='ocrx_word' id='word_1_338' title='bbox 594 3619 657 3683; x_wconf 91' lang='lat' dir='ltr'><strong>quo</strong></span> <span class='ocrx_word' id='word_1_339' title='bbox 672 3597 906 3682; x_wconf 86' lang='lat' dir='ltr'><strong>designavimus</strong></span> <span class='ocrx_word' id='word_1_340' title='bbox 927 3597 1084 3662; x_wconf 83' lang='lat' dir='ltr'><strong>vocalium</strong></span> <span class='ocrx_word' id='word_1_341' title='bbox 1099 3598 1311 3680; x_wconf 87' lang='lat' dir='ltr'><strong>alterationes,</strong></span> <span class='ocrx_word' id='word_1_342' title='bbox 1334 3619 1394 3662; x_wconf 91' lang='lat' dir='ltr'><strong>nos</strong></span> <span class='ocrx_word' id='word_1_343' title='bbox 1409 3595 1550 3660; x_wconf 89' lang='lat' dir='ltr'><strong>dicemus</strong></span> <span class='ocrx_word' id='word_1_344' title='bbox 1572 3595 1759 3661; x_wconf 82' lang='lat' dir='ltr'><strong>iniectio-</strong></span> 
     </span>
    </p>

    <p class='ocr_par' dir='ltr' id='par_1_8' title="bbox 255 3695 1759 3888">
     <span class='ocr_line' id='line_1_32' title="bbox 255 3695 1759 3786; baseline -0.003 -20"><span class='ocrx_word' id='word_1_345' title='bbox 255 3715 260 3723; x_wconf 85' lang='grc'><em>·</em></span> <span class='ocrx_word' id='word_1_346' title='bbox 302 3724 380 3766; x_wconf 88' lang='lat' dir='ltr'><strong>nes.</strong></span> <span class='ocrx_word' id='word_1_347' title='bbox 422 3697 579 3766; x_wconf 86' lang='lat' dir='ltr'><strong>Alteratio</strong></span> <span class='ocrx_word' id='word_1_348' title='bbox 608 3699 642 3762; x_wconf 92' lang='lat' dir='ltr'><strong>in</strong></span> <span class='ocrx_word' id='word_1_349' title='bbox 668 3697 778 3784; x_wconf 86' lang='lat' dir='ltr'><strong>lingua</strong></span> <span class='ocrx_word' id='word_1_350' title='bbox 802 3699 966 3766; x_wconf 90' lang='lat' dir='ltr'><strong>hibernica</strong></span> <span class='ocrx_word' id='word_1_351' title='bbox 994 3722 1071 3786; x_wconf 87' lang='lat' dir='ltr'><strong>prae</strong></span> <span class='ocrx_word' id='word_1_352' title='bbox 1093 3700 1206 3765; x_wconf 89' lang='lat' dir='ltr'><strong>ceteris</strong></span> <span class='ocrx_word' id='word_1_353' title='bbox 1229 3695 1508 3765; x_wconf 84' lang='lat' dir='ltr'><strong>animadvertenda</strong></span> <span class='ocrx_word' id='word_1_354' title='bbox 1534 3705 1585 3761; x_wconf 89' lang='lat' dir='ltr'><strong>est</strong></span> <span class='ocrx_word' id='word_1_355' title='bbox 1611 3699 1759 3776; x_wconf 83' lang='lat' dir='ltr'><strong>tenuium,</strong></span> 
     </span>
     <span class='ocr_line' id='line_1_33' title="bbox 304 3796 1756 3888; baseline -0.003 -22"><span class='ocrx_word' id='word_1_356' title='bbox 304 3825 385 3888; x_wconf 89' lang='lat' dir='ltr'><strong>quae</strong></span> <span class='ocrx_word' id='word_1_357' title='bbox 401 3809 510 3866; x_wconf 85' lang='lat' dir='ltr'><strong>extant</strong></span> <span class='ocrx_word' id='word_1_358' title='bbox 530 3800 564 3864; x_wconf 89' lang='lat' dir='ltr'><strong>in</strong></span> <span class='ocrx_word' id='word_1_359' title='bbox 579 3797 703 3884; x_wconf 86' lang='lat' dir='ltr'><strong>gallicis</strong></span> <span class='ocrx_word' id='word_1_360' title='bbox 725 3799 858 3866; x_wconf 87' lang='lat' dir='ltr'><strong>vocibus</strong></span> <span class='ocrx_word' id='word_1_361' title='bbox 881 3810 976 3887; x_wconf 87' lang='lat' dir='ltr'><strong>atque</strong></span> <span class='ocrx_word' id='word_1_362' title='bbox 996 3801 1131 3867; x_wconf 88' lang='lat' dir='ltr'><strong>vetustis</strong></span> <span class='ocrx_word' id='word_1_363' title='bbox 1154 3796 1319 3867; x_wconf 87' lang='lat' dir='ltr'><strong>cambricis</strong></span> <span class='ocrx_word' id='word_1_364' title='bbox 1341 3799 1394 3864; x_wconf 91' lang='lat' dir='ltr'><strong>vel</strong></span> <span class='ocrx_word' id='word_1_365' title='bbox 1416 3798 1608 3865; x_wconf 89' lang='lat' dir='ltr'><strong>aremoricis.</strong></span> <span class='ocrx_word' id='word_1_366' title='bbox 1635 3797 1756 3864; x_wconf 86' lang='lat' dir='ltr'><strong>Tenues</strong></span> 
     </span>
    </p>

    <p class='ocr_par' dir='ltr' id='par_1_9' title="bbox 209 3898 1765 4910">
     <span class='ocr_line' id='line_1_34' title="bbox 209 3898 1759 3990; baseline -0.004 -20"><span class='ocrx_word' id='word_1_367' title='bbox 209 3917 210 3920; x_wconf 76' lang='grc'>’</span> <span class='ocrx_word' id='word_1_368' title='bbox 305 3905 380 3969; x_wconf 90' lang='lat' dir='ltr'><strong>illae</strong></span> <span class='ocrx_word' id='word_1_369' title='bbox 394 3901 558 3968; x_wconf 87' lang='lat' dir='ltr'><strong>hiberniae</strong></span> <span class='ocrx_word' id='word_1_370' title='bbox 573 3900 761 3987; x_wconf 89' lang='lat' dir='ltr'><strong>aspirantur,</strong></span> <span class='ocrx_word' id='word_1_371' title='bbox 777 3908 813 3964; x_wconf 92' lang='lat' dir='ltr'><strong>ut</strong></span> <span class='ocrx_word' id='word_1_372' title='bbox 826 3900 860 3965; x_wconf 90' lang='lat' dir='ltr'><strong>in</strong></span> <span class='ocrx_word' id='word_1_373' title='bbox 874 3903 944 3966; x_wconf 78' lang='lat' dir='ltr'><strong>cath</strong></span> <span class='ocrx_word' id='word_1_374' title='bbox 958 3902 1105 3990; x_wconf 89' lang='lat' dir='ltr'><strong>(pugna),</strong></span> <span class='ocrx_word' id='word_1_375' title='bbox 1129 3903 1230 3966; x_wconf 74' lang='lat' dir='ltr'><strong>tettan</strong></span> <span class='ocrx_word' id='word_1_376' title='bbox 1246 3901 1360 3987; x_wconf 88' lang='lat' dir='ltr'><strong>(latus)</strong></span> <span class='ocrx_word' id='word_1_377' title='bbox 1384 3898 1550 3964; x_wconf 87' lang='lat' dir='ltr'><strong>evetustis</strong></span> <span class='ocrx_word' id='word_1_378' title='bbox 1566 3913 1648 3983; x_wconf 83' lang='lat' dir='ltr'><strong>cata,</strong></span> <span class='ocrx_word' id='word_1_379' title='bbox 1672 3901 1759 3978; x_wconf 69' lang='lat' dir='ltr'><strong>litam</strong></span> 
     </span>
     <span class='ocr_line' id='line_1_35' title="bbox 303 3999 1760 4088; baseline -0.006 -17"><span class='ocrx_word' id='word_1_380' title='bbox 303 4007 338 4071; x_wconf 91' lang='grc'><strong>11</strong></span> <span class='ocrx_word' id='word_1_381' title='bbox 354 4005 448 4069; x_wconf 77' lang='lat' dir='ltr'><strong>cathir</strong></span> <span class='ocrx_word' id='word_1_382' title='bbox 463 4002 592 4088; x_wconf 88' lang='lat' dir='ltr'><strong>(cambr.</strong></span> <span class='ocrx_word' id='word_1_383' title='bbox 610 4011 673 4068; x_wconf 91' lang='lat' dir='ltr'><strong>vet.</strong></span> <span class='ocrx_word' id='word_1_384' title='bbox 679 4002 824 4087; x_wconf 82' lang='lat' dir='ltr'><strong>petaar);</strong></span> <span class='ocrx_word' id='word_1_385' title='bbox 840 4003 874 4066; x_wconf 90' lang='lat' dir='ltr'><strong>in</strong></span> <span class='ocrx_word' id='word_1_386' title='bbox 888 4003 1012 4088; x_wconf 77' lang='lat' dir='ltr'><strong>mdtda&#39;r,</strong></span> <span class='ocrx_word' id='word_1_387' title='bbox 1029 4003 1149 4068; x_wconf 69' lang='lat' dir='ltr'><strong>tracto</strong></span> <span class='ocrx_word' id='word_1_388' title='bbox 1164 4002 1286 4088; x_wconf 87' lang='lat' dir='ltr'><strong>(mater,</strong></span> <span class='ocrx_word' id='word_1_389' title='bbox 1302 4003 1414 4082; x_wconf 82' lang='lat' dir='ltr'><strong>irater3</strong></span> <span class='ocrx_word' id='word_1_390' title='bbox 1432 4000 1548 4066; x_wconf 87' lang='lat' dir='ltr'><strong>cambr.</strong></span> <span class='ocrx_word' id='word_1_391' title='bbox 1564 4009 1627 4066; x_wconf 87' lang='lat' dir='ltr'><strong>vet.</strong></span> <span class='ocrx_word' id='word_1_392' title='bbox 1644 3999 1760 4081; x_wconf 81' lang='lat' dir='ltr'><strong>braat);</strong></span> 
     </span>
     <span class='ocr_line' id='line_1_36' title="bbox 304 4100 1761 4190; baseline -0.006 -18"><span class='ocrx_word' id='word_1_393' title='bbox 304 4108 338 4172; x_wconf 91' lang='lat' dir='ltr'><strong>in</strong></span> <span class='ocrx_word' id='word_1_394' title='bbox 359 4105 447 4170; x_wconf 72' lang='lat' dir='ltr'><strong>crocle</strong></span> <span class='ocrx_word' id='word_1_395' title='bbox 469 4104 516 4189; x_wconf 65' lang='grc' dir='ltr'><strong>(ι-</strong></span> <span class='ocrx_word' id='word_1_396' title='bbox 533 4126 618 4185; x_wconf 82' lang='lat' dir='ltr'><strong>cruc3</strong></span> <span class='ocrx_word' id='word_1_397' title='bbox 641 4125 728 4186; x_wconf 80' lang='lat' dir='ltr'><strong>crux,</strong></span> <span class='ocrx_word' id='word_1_398' title='bbox 753 4103 887 4187; x_wconf 87' lang='lat' dir='ltr'><strong>crucis),</strong></span> <span class='ocrx_word' id='word_1_399' title='bbox 910 4106 1042 4169; x_wconf 76' lang='lat' dir='ltr'><strong>croclead</strong></span> <span class='ocrx_word' id='word_1_400' title='bbox 1061 4103 1256 4189; x_wconf 83' lang='lat' dir='ltr'><strong>(crucifixio)</strong></span> <span class='ocrx_word' id='word_1_401' title='bbox 1279 4105 1424 4190; x_wconf 87' lang='lat' dir='ltr'><strong>aliisque.</strong></span> <span class='ocrx_word' id='word_1_402' title='bbox 1468 4101 1508 4166; x_wconf 91' lang='lat' dir='ltr'><strong>In</strong></span> <span class='ocrx_word' id='word_1_403' title='bbox 1531 4100 1761 4168; x_wconf 85' lang='lat' dir='ltr'><strong>constructione</strong></span> 
     </span>
     <span class='ocr_line' id='line_1_37' title="bbox 303 4201 1761 4292; baseline -0.005 -19"><span class='ocrx_word' id='word_1_404' title='bbox 303 4209 367 4273; x_wconf 91' lang='lat' dir='ltr'><strong>bib.</strong></span> <span class='ocrx_word' id='word_1_405' title='bbox 389 4217 453 4273; x_wconf 89' lang='lat' dir='ltr'><strong>vet.</strong></span> <span class='ocrx_word' id='word_1_406' title='bbox 476 4207 519 4272; x_wconf 83' lang='lat' dir='ltr'><strong>tol</strong></span> <span class='ocrx_word' id='word_1_407' title='bbox 532 4205 636 4270; x_wconf 76' lang='lat' dir='ltr'><strong>cbolao</strong></span> <span class='ocrx_word' id='word_1_408' title='bbox 658 4205 831 4292; x_wconf 87' lang='lat' dir='ltr'><strong>(cupiditas</strong></span> <span class='ocrx_word' id='word_1_409' title='bbox 854 4206 975 4290; x_wconf 86' lang='lat' dir='ltr'><strong>carnis)</strong></span> <span class='ocrx_word' id='word_1_410' title='bbox 998 4207 1164 4291; x_wconf 81' lang='lat' dir='ltr'><strong>genetivus</strong></span> <span class='ocrx_word' id='word_1_411' title='bbox 1188 4207 1292 4270; x_wconf 76' lang='lat' dir='ltr'><strong>chodac</strong></span> <span class='ocrx_word' id='word_1_412' title='bbox 1314 4215 1364 4271; x_wconf 91' lang='lat' dir='ltr'><strong>est</strong></span> <span class='ocrx_word' id='word_1_413' title='bbox 1386 4228 1403 4270; x_wconf 90' lang='lat' dir='ltr'><strong>e</strong></span> <span class='ocrx_word' id='word_1_414' title='bbox 1425 4227 1509 4270; x_wconf 91' lang='lat' dir='ltr'><strong>nom.</strong></span> <span class='ocrx_word' id='word_1_415' title='bbox 1539 4205 1627 4268; x_wconf 82' lang='lat' dir='ltr'><strong>colia.</strong></span> <span class='ocrx_word' id='word_1_416' title='bbox 1669 4201 1761 4267; x_wconf 88' lang='lat' dir='ltr'><strong>Eius·</strong></span> 
     </span>
     <span class='ocr_line' id='line_1_38' title="bbox 305 4303 1762 4392; baseline -0.005 -19"><span class='ocrx_word' id='word_1_417' title='bbox 305 4309 378 4373; x_wconf 90' lang='lat' dir='ltr'><strong>dem</strong></span> <span class='ocrx_word' id='word_1_418' title='bbox 399 4307 484 4373; x_wconf 90' lang='lat' dir='ltr'><strong>modi</strong></span> <span class='ocrx_word' id='word_1_419' title='bbox 499 4306 638 4390; x_wconf 85' lang='lat' dir='ltr'><strong>iniectio,</strong></span> <span class='ocrx_word' id='word_1_420' title='bbox 663 4309 723 4374; x_wconf 90' lang='lat' dir='ltr'><strong>etsi</strong></span> <span class='ocrx_word' id='word_1_421' title='bbox 738 4307 842 4372; x_wconf 89' lang='lat' dir='ltr'><strong>minus</strong></span> <span class='ocrx_word' id='word_1_422' title='bbox 858 4307 921 4372; x_wconf 82' lang='lat' dir='ltr'><strong>late</strong></span> <span class='ocrx_word' id='word_1_423' title='bbox 942 4316 1055 4392; x_wconf 89' lang='lat' dir='ltr'><strong>patens</strong></span> <span class='ocrx_word' id='word_1_424' title='bbox 1078 4317 1110 4373; x_wconf 87' lang='lat' dir='ltr'><strong>et</strong></span> <span class='ocrx_word' id='word_1_425' title='bbox 1125 4308 1250 4373; x_wconf 88' lang='lat' dir='ltr'><strong>diverso</strong></span> <span class='ocrx_word' id='word_1_426' title='bbox 1272 4329 1343 4390; x_wconf 88' lang='lat' dir='ltr'><strong>usa,</strong></span> <span class='ocrx_word' id='word_1_427' title='bbox 1364 4305 1526 4370; x_wconf 86' lang='lat' dir='ltr'><strong>invenitur</strong></span> <span class='ocrx_word' id='word_1_428' title='bbox 1539 4304 1574 4368; x_wconf 88' lang='lat' dir='ltr'><strong>in</strong></span> <span class='ocrx_word' id='word_1_429' title='bbox 1589 4303 1762 4370; x_wconf 84' lang='lat' dir='ltr'><strong>britannica</strong></span> 
     </span>
     <span class='ocr_line' id='line_1_39' title="bbox 303 4405 1763 4496; baseline -0.006 -19"><span class='ocrx_word' id='word_1_430' title='bbox 303 4413 429 4496; x_wconf 89' lang='lat' dir='ltr'><strong>lingua:</strong></span> <span class='ocrx_word' id='word_1_431' title='bbox 453 4409 542 4472; x_wconf 68' lang='lat' dir='ltr'><strong>aare</strong></span> <span class='ocrx_word' id='word_1_432' title='bbox 563 4408 638 4492; x_wconf 87' lang='lat' dir='ltr'><strong>(vis,</strong></span> <span class='ocrx_word' id='word_1_433' title='bbox 660 4408 764 4494; x_wconf 89' lang='lat' dir='ltr'><strong>valor)</strong></span> <span class='ocrx_word' id='word_1_434' title='bbox 788 4431 805 4473; x_wconf 92' lang='lat' dir='ltr'><strong>e</strong></span> <span class='ocrx_word' id='word_1_435' title='bbox 827 4417 903 4488; x_wconf 77' lang='lat' dir='ltr'><strong>aero,</strong></span> <span class='ocrx_word' id='word_1_436' title='bbox 927 4409 1012 4495; x_wconf 92' lang='lat' dir='ltr'><strong>quod</strong></span> <span class='ocrx_word' id='word_1_437' title='bbox 1036 4416 1085 4474; x_wconf 88' lang='lat' dir='ltr'><strong>est</strong></span> <span class='ocrx_word' id='word_1_438' title='bbox 1106 4409 1287 4474; x_wconf 87' lang='lat' dir='ltr'><strong>etiamnunc</strong></span> <span class='ocrx_word' id='word_1_439' title='bbox 1307 4408 1340 4472; x_wconf 92' lang='lat' dir='ltr'><strong>in</strong></span> <span class='ocrx_word' id='word_1_440' title='bbox 1362 4407 1527 4473; x_wconf 89' lang='lat' dir='ltr'><strong>hibernica</strong></span> <span class='ocrx_word' id='word_1_441' title='bbox 1546 4405 1664 4491; x_wconf 87' lang='lat' dir='ltr'><strong>lingua,</strong></span> <span class='ocrx_word' id='word_1_442' title='bbox 1687 4405 1763 4469; x_wconf 90' lang='lat' dir='ltr'><strong>iam-</strong></span> 
     </span>
     <span class='ocr_line' id='line_1_40' title="bbox 305 4505 1765 4602; baseline -0.011 -21"><span class='ocrx_word' id='word_1_443' title='bbox 305 4539 367 4602; x_wconf 89' lang='lat' dir='ltr'><strong>que</strong></span> <span class='ocrx_word' id='word_1_444' title='bbox 388 4514 423 4578; x_wconf 91' lang='lat' dir='ltr'><strong>in</strong></span> <span class='ocrx_word' id='word_1_445' title='bbox 444 4512 580 4578; x_wconf 87' lang='lat' dir='ltr'><strong>vetustis</strong></span> <span class='ocrx_word' id='word_1_446' title='bbox 601 4512 782 4578; x_wconf 91' lang='lat' dir='ltr'><strong>nominibus</strong></span> <span class='ocrx_word' id='word_1_447' title='bbox 805 4507 927 4594; x_wconf 87' lang='lat' dir='ltr'><strong>gallicis</strong></span> <span class='ocrx_word' id='word_1_448' title='bbox 951 4510 1134 4597; x_wconf 89' lang='lat' dir='ltr'><strong>compositis</strong></span> <span class='ocrx_word' id='word_1_449' title='bbox 1149 4511 1363 4590; x_wconf 66' lang='lat' dir='ltr'><strong>Nammeius,</strong></span> <span class='ocrx_word' id='word_1_450' title='bbox 1380 4507 1579 4586; x_wconf 79' lang='lat' dir='ltr'><strong>Oobnertus3</strong></span> <span class='ocrx_word' id='word_1_451' title='bbox 1602 4505 1765 4570; x_wconf 77' lang='lat' dir='ltr'><strong>marcdaac</strong></span> 
     </span>
     <span class='ocr_line' id='line_1_41' title="bbox 306 4603 1763 4704; baseline -0.008 -21"><span class='ocrx_word' id='word_1_452' title='bbox 306 4614 494 4704; x_wconf 87' lang='lat' dir='ltr'><strong>(equestris)</strong></span> <span class='ocrx_word' id='word_1_453' title='bbox 526 4623 627 4680; x_wconf 86' lang='lat' dir='ltr'><strong>ortum</strong></span> <span class='ocrx_word' id='word_1_454' title='bbox 654 4613 807 4700; x_wconf 84' lang='lat' dir='ltr'><strong>egellico</strong></span> <span class='ocrx_word' id='word_1_455' title='bbox 834 4619 961 4678; x_wconf 90' lang='lat' dir='ltr'><strong>vetusto</strong></span> <span class='ocrx_word' id='word_1_456' title='bbox 987 4635 1096 4678; x_wconf 82' lang='lat' dir='ltr'><strong>marca</strong></span> <span class='ocrx_word' id='word_1_457' title='bbox 1121 4603 1499 4696; x_wconf 65' lang='lat' dir='ltr'><strong>(otono,201pa0aor&#39;o</strong></span> <span class='ocrx_word' id='word_1_458' title='bbox 1527 4630 1578 4693; x_wconf 89' lang='lat' dir='ltr'><strong>ap.</strong></span> <span class='ocrx_word' id='word_1_459' title='bbox 1599 4606 1763 4688; x_wconf 81' lang='lat' dir='ltr'><strong>Pansam),</strong></span> 
     </span>
     <span class='ocr_line' id='line_1_42' title="bbox 307 4701 1764 4808; baseline -0.011 -22"><span class='ocrx_word' id='word_1_460' title='bbox 307 4720 393 4808; x_wconf 91' lang='lat' dir='ltr'><strong>quod</strong></span> <span class='ocrx_word' id='word_1_461' title='bbox 408 4706 458 4784; x_wconf 83' lang='lat' dir='ltr'><strong>est</strong></span> <span class='ocrx_word' id='word_1_462' title='bbox 472 4727 630 4784; x_wconf 85' lang='lat' dir='ltr'><strong>servatum</strong></span> <span class='ocrx_word' id='word_1_463' title='bbox 652 4717 687 4784; x_wconf 87' lang='lat' dir='ltr'><strong>in</strong></span> <span class='ocrx_word' id='word_1_464' title='bbox 706 4716 769 4782; x_wconf 90' lang='lat' dir='ltr'><strong>hib.</strong></span> <span class='ocrx_word' id='word_1_465' title='bbox 792 4722 855 4778; x_wconf 88' lang='lat' dir='ltr'><strong>vet.</strong></span> <span class='ocrx_word' id='word_1_466' title='bbox 871 4713 1023 4780; x_wconf 78' lang='lat' dir='ltr'><strong>marcact.</strong></span> <span class='ocrx_word' id='word_1_467' title='bbox 1053 4713 1196 4779; x_wconf 89' lang='lat' dir='ltr'><strong>Possunt</strong></span> <span class='ocrx_word' id='word_1_468' title='bbox 1217 4735 1291 4797; x_wconf 87' lang='lat' dir='ltr'><strong>ergo</strong></span> <span class='ocrx_word' id='word_1_469' title='bbox 1307 4701 1460 4796; x_wconf 87' lang='lat' dir='ltr'><strong>distingui</strong></span> <span class='ocrx_word' id='word_1_470' title='bbox 1482 4719 1585 4775; x_wconf 87' lang='lat' dir='ltr'><strong>statas</strong></span> <span class='ocrx_word' id='word_1_471' title='bbox 1608 4729 1764 4776; x_wconf 87' lang='lat' dir='ltr'><strong>consonae</strong></span> 
     </span>
     <span class='ocr_line' id='line_1_43' title="bbox 305 4808 1765 4910; baseline -0.012 -22"><span class='ocrx_word' id='word_1_472' title='bbox 305 4821 531 4910; x_wconf 77' lang='lat' dir='ltr'><strong>primitivus</strong></span> <span class='ocrx_word' id='word_1_473' title='bbox 553 4821 606 4886; x_wconf 87' lang='lat' dir='ltr'><strong>vel</strong></span> <span class='ocrx_word' id='word_1_474' title='bbox 621 4817 866 4906; x_wconf 82' lang='lat' dir='ltr'><strong>originarius</strong></span> <span class='ocrx_word' id='word_1_475' title='bbox 889 4824 921 4881; x_wconf 92' lang='lat' dir='ltr'><strong>et</strong></span> <span class='ocrx_word' id='word_1_476' title='bbox 936 4823 1036 4880; x_wconf 90' lang='lat' dir='ltr'><strong>status</strong></span> <span class='ocrx_word' id='word_1_477' title='bbox 1052 4815 1270 4901; x_wconf 86' lang='lat' dir='ltr'><strong>aspiratus,</strong></span> <span class='ocrx_word' id='word_1_478' title='bbox 1292 4812 1463 4877; x_wconf 86' lang='lat' dir='ltr'><strong>infectio</strong></span> <span class='ocrx_word' id='word_1_479' title='bbox 1486 4811 1686 4898; x_wconf 83' lang='lat' dir='ltr'><strong>aspirata3</strong></span> <span class='ocrx_word' id='word_1_480' title='bbox 1710 4808 1765 4873; x_wconf 89' lang='lat' dir='ltr'><strong>sed</strong></span> 
     </span>
    </p>

    <p class='ocr_par' dir='ltr' id='par_1_10' title="bbox 205 4911 1823 5319">
     <span class='ocr_line' id='line_1_44' title="bbox 205 4911 1767 5008; baseline -0.012 -16"><span class='ocrx_word' id='word_1_481' title='bbox 205 4997 206 5000; x_wconf 48' lang='lat'><strong>,</strong></span> <span class='ocrx_word' id='word_1_482' title='bbox 309 4927 418 4991; x_wconf 86' lang='lat' dir='ltr'><strong>eadem</strong></span> <span class='ocrx_word' id='word_1_483' title='bbox 438 4946 491 4988; x_wconf 89' lang='lat' dir='ltr'><strong>res</strong></span> <span class='ocrx_word' id='word_1_484' title='bbox 513 4923 547 4986; x_wconf 91' lang='lat' dir='ltr'><strong>in</strong></span> <span class='ocrx_word' id='word_1_485' title='bbox 568 4921 701 5008; x_wconf 89' lang='lat' dir='ltr'><strong>liquidis</strong></span> <span class='ocrx_word' id='word_1_486' title='bbox 724 4941 805 5006; x_wconf 90' lang='lat' dir='ltr'><strong>quae</strong></span> <span class='ocrx_word' id='word_1_487' title='bbox 829 4925 976 5004; x_wconf 83' lang='lat' dir='ltr'><strong>expertes</strong></span> <span class='ocrx_word' id='word_1_488' title='bbox 997 4916 1202 5002; x_wconf 85' lang='lat' dir='ltr'><strong>aspirationis</strong></span> <span class='ocrx_word' id='word_1_489' title='bbox 1223 4913 1479 5002; x_wconf 89' lang='lat' dir='ltr'><strong>pronuntiatione</strong></span> <span class='ocrx_word' id='word_1_490' title='bbox 1499 4923 1622 4978; x_wconf 83' lang='lat' dir='ltr'><strong>tantum</strong></span> <span class='ocrx_word' id='word_1_491' title='bbox 1643 4923 1697 4976; x_wconf 89' lang='lat' dir='ltr'><strong>aut</strong></span> <span class='ocrx_word' id='word_1_492' title='bbox 1711 4911 1767 4974; x_wconf 89' lang='lat' dir='ltr'><strong>du-</strong></span> 
     </span>
     <span class='ocr_line' id='line_1_45' title="bbox 309 5011 1766 5109; baseline -0.013 -16"><span class='ocrx_word' id='word_1_493' title='bbox 309 5027 389 5093; x_wconf 88' lang='lat' dir='ltr'><strong>riore</strong></span> <span class='ocrx_word' id='word_1_494' title='bbox 422 5032 477 5088; x_wconf 88' lang='lat' dir='ltr'><strong>aut</strong></span> <span class='ocrx_word' id='word_1_495' title='bbox 501 5021 644 5088; x_wconf 90' lang='lat' dir='ltr'><strong>molliore</strong></span> <span class='ocrx_word' id='word_1_496' title='bbox 673 5020 888 5109; x_wconf 89' lang='lat' dir='ltr'><strong>proferantur,</strong></span> <span class='ocrx_word' id='word_1_497' title='bbox 917 5019 1021 5106; x_wconf 91' lang='lat' dir='ltr'><strong>aptius</strong></span> <span class='ocrx_word' id='word_1_498' title='bbox 1051 5017 1178 5082; x_wconf 88' lang='lat' dir='ltr'><strong>videtur</strong></span> <span class='ocrx_word' id='word_1_499' title='bbox 1204 5016 1364 5102; x_wconf 88' lang='lat' dir='ltr'><strong>designari</strong></span> <span class='ocrx_word' id='word_1_500' title='bbox 1392 5016 1518 5082; x_wconf 90' lang='lat' dir='ltr'><strong>nomine</strong></span> <span class='ocrx_word' id='word_1_501' title='bbox 1552 5025 1655 5080; x_wconf 87' lang='lat' dir='ltr'><strong>status</strong></span> <span class='ocrx_word' id='word_1_502' title='bbox 1681 5011 1766 5076; x_wconf 86' lang='lat' dir='ltr'><strong>duri</strong></span> 
     </span>
     <span class='ocr_line' id='line_1_46' title="bbox 309 5113 1823 5215; baseline -0.011 -22"><span class='ocrx_word' id='word_1_503' title='bbox 309 5125 491 5215; x_wconf 89' lang='lat' dir='ltr'><strong>(primitivi)</strong></span> <span class='ocrx_word' id='word_1_504' title='bbox 515 5133 546 5190; x_wconf 93' lang='lat' dir='ltr'><strong>et</strong></span> <span class='ocrx_word' id='word_1_505' title='bbox 568 5132 668 5210; x_wconf 87' lang='lat' dir='ltr'><strong>status</strong></span> <span class='ocrx_word' id='word_1_506' title='bbox 691 5124 820 5190; x_wconf 82' lang='lat' dir='ltr'><strong>mollis</strong></span> <span class='ocrx_word' id='word_1_507' title='bbox 844 5119 1054 5207; x_wconf 87' lang='lat' dir='ltr'><strong>(secundarii)</strong></span> <span class='ocrx_word' id='word_1_508' title='bbox 1078 5119 1147 5185; x_wconf 90' lang='lat' dir='ltr'><strong>sive</strong></span> <span class='ocrx_word' id='word_1_509' title='bbox 1168 5118 1404 5184; x_wconf 82' lang='lat' dir='ltr'><strong>iniectionis</strong></span> <span class='ocrx_word' id='word_1_510' title='bbox 1426 5116 1571 5197; x_wconf 87' lang='lat' dir='ltr'><strong>mollis,</strong></span> <span class='ocrx_word' id='word_1_511' title='bbox 1595 5137 1665 5182; x_wconf 87' lang='lat' dir='ltr'><strong>cum</strong></span> <span class='ocrx_word' id='word_1_512' title='bbox 1686 5113 1767 5178; x_wconf 86' lang='lat' dir='ltr'><strong>aliae</strong></span> <span class='ocrx_word' id='word_1_513' title='bbox 1822 5123 1823 5126; x_wconf 76' lang='grc'>’</span> 
     </span>
     <span class='ocr_line' id='line_1_47' title="bbox 309 5217 1768 5319; baseline -0.009 -25"><span class='ocrx_word' id='word_1_514' title='bbox 309 5249 435 5316; x_wconf 90' lang='lat' dir='ltr'><strong>quoque</strong></span> <span class='ocrx_word' id='word_1_515' title='bbox 471 5227 534 5293; x_wconf 90' lang='lat' dir='ltr'><strong>sint</strong></span> <span class='ocrx_word' id='word_1_516' title='bbox 562 5225 759 5292; x_wconf 85' lang='lat' dir='ltr'><strong>infectiones.</strong></span> <span class='ocrx_word' id='word_1_517' title='bbox 807 5223 958 5310; x_wconf 88' lang='lat' dir='ltr'><strong>Inprimis</strong></span> <span class='ocrx_word' id='word_1_518' title='bbox 988 5221 1203 5318; x_wconf 80' lang='lat' dir='ltr'><strong>adnotandum</strong></span> <span class='ocrx_word' id='word_1_519' title='bbox 1230 5229 1292 5304; x_wconf 88' lang='lat' dir='ltr'><strong>est,</strong></span> <span class='ocrx_word' id='word_1_520' title='bbox 1324 5219 1408 5284; x_wconf 88' lang='lat' dir='ltr'><strong>banc</strong></span> <span class='ocrx_word' id='word_1_521' title='bbox 1434 5219 1536 5306; x_wconf 88' lang='lat' dir='ltr'><strong>ipsam</strong></span> <span class='ocrx_word' id='word_1_522' title='bbox 1566 5217 1768 5319; x_wconf 80' lang='lat' dir='ltr'><strong>infectionem</strong></span> 
     </span>
    </p>
   </div>
   <div class='ocr_carea' id='block_1_3' title="bbox 0 0 1859 5648">
    <p class='ocr_par' dir='ltr' id='par_1_11' title="bbox 0 0 1859 5648">
     <span class='ocr_line' id='line_1_48' title="bbox 0 0 1859 5648; baseline 0 0"><span class='ocrx_word' id='word_1_523' title='bbox 0 0 1859 5648; x_wconf 95' lang='lat' dir='ltr'><strong> </strong></span> 
     </span>
    </p>
   </div>
  </div>
 </body>
</html>
