3656 5652
622 399 649 466 1.
673 401 701 466 1.
733 415 995 466 6666116666.
1481 390 1541 454 169

97 585 274 671 (ausculto).
301 587 471 672 tnt'epeocd,
494 607 565 672 gen.
585 588 734 672 1616661116
757 584 1012 670 (demonstratio)
1033 583 1071 649 L.
1093 581 1214 665 Hymn.
1237 573 1300 660 (St.
1321 597 1353 661 p.
1371 572 1462 657 106),
1490 595 1541 636 ro-

92 689 219 773 tlciapen
243 688 517 771 (demonstravit),
546 689 748 772 cotampentur
778 686 894 771 (donec
917 681 1162 765 demonstretur)
1186 677 1292 746 Corm.
1322 675 1387 761 (vv.
1408 675 1540 762 poilenq,

91 788 198 852 1116166
204 789 378 874 fororum),
400 789 472 855 hod
488 788 696 870 contraeunt,
719 790 920 856 taotamaim
936 787 1016 855 O'R..
1044 811 1083 852 ex
1098 785 1227 870 antiquo
1242 780 1375 846 toiddaiu
1397 778 1543 862 (demon-

93 889 209 974 stratio)
230 889 307 956 Wb.
323 889 377 976 Sg.
403 890 476 956 hod.
491 880 701 975 ficsruiplu‘dlr
716 891 885 976 (quaestio,
910 888 1076 978 quaerere)
1099 910 1116 952 6
1128 883 1347 972 fiursuiglu'dlr,
1370 879 1542 965 neglegen-

69 991 147 1074 ,tius
168 990 287 1077 scripto
300 990 489 1076 fiorsaidlcc,
510 991 683 1076 fioqscidlri
703 992 826 1059 O'Dav.
850 993 915 1076 (vv.
931 994 1159 1075 frr'ucomareer,
1178 985 1369 1068 suiromdlr),
1392 991 1455 1046 vet.
1477 983 1542 1044 ior·-

85 1093 186 1177 sar'pid
199 1093 371 1178 (quaestio,
394 1093 575 1179 inquisitio)
589 1093 647 1159 Ml.
678 1117 795 1182 ecepoy,
817 1095 923 1182 666169
945 1095 995 1179 (61
1008 1092 1119 1177 hodie)
1137 1091 1182 1160 St.
1198 1091 1239 1176 gl.
1256 1088 1326 1154 982.
1344 1085 1415 1166 448,
1438 1093 1541 1147 trans·

93 1194 224 1278 positum
247 1217 287 1259 ex
309 1216 392 1280 escop
414 1193 518 1282 Oeng.
539 1194 606 1261 Fel.
628 1218 687 1280 pro
709 1205 771 1262 vet.
795 1219 899 1282 epacop
921 1193 1125 1282 (episcopus)
1148 1191 1222 1259 Wb.
1252 1190 1289 1255 L.
1312 1188 1422 1254 Ardm.
1474 1187 1540 1252 Ac-

92 1296 168 1360 cedit
186 1295 394 1381 transpositio
417 1298 538 1364 vocalis
562 1297 595 1360 in
610 1299 827 1385 emmeaplcdlr
843 1297 1016 1382 O’Molloy,
1040 1295 1113 1361 hod.
1129 1292 1347 1378 eourqvuaul,
1369 1289 1542 1374 coieriptim

93 1396 307 1480 (consecratio,
331 1399 500 1483 consecro)
523 1407 634 1464 666116
655 1402 838 1486 6616619161
860 1395 1122 1485 (consecrabant)
1145 1393 1252 1461 Corm.
1273 1393 1426 1472 61116111,
1451 1390 1541 1486 16166-

90 1499 159 1562 crud
179 1498 409 1583 (consecratio)
431 1501 469 1564 L.
491 1500 601 1564 Ardm.
627 1503 706 1567 18b.
722 1507 754 1585 l,
778 1503 962 1566 6666666111
984 1496 1168 1585 (66666616)
1191 1494 1246 1580 Sg.
1291 1493 1541 1562 Gambrioum

89 1601 339 1686 transpositionis
362 1602 540 1688 exemplum
562 1606 648 1672 inest
667 1606 701 1670 in
714 1605 843 1670 nomine
866 1601 1070 1687 C'atpuclotpr
1091 1600 1128 1665 L.
1143 1599 1246 1664 Land.
1263 1597 1331 1678 124,
1355 1596 1441 1682 quod
1463 1595 1541 1659 scri-

89 1702 166 1768 bitur
188 1701 372 1789 Calpualort
399 1703 432 1768 in
460 1703 566 1770 chron.
590 1707 706 1772 cambr.
731 1705 843 1792 (praef.
867 1705 914 1770 ed.
936 1705 1015 1790 Leg.
1038 1701 1135 1786 XV),
1160 1699 1378 1766 aremorica
1398 1699 1432 1762 in
1454 1719 1541 1762 com·

91 1804 225 1888 pluribus
241 1828 280 1870 ex
297 1806 406 1872 eadem
421 1829 500 1872 voce
516 1808 653 1893 (wulatr,
665 1807 807 1894 9661611)
825 1806 1025 1894 compositis:
1040 1803 1231 1869 Retlmclatr·
1246 1801 1343 1868 chart.
1355 1800 1457 1866 Rhed.
1471 1802 1498 1880 1,
1512 1801 1540 1864 9.

89 1903 249 1972 1166293.
278 1906 616 1990 116166161166123.
644 1908 836 1974 1116616666
859 1911 889 1988 1,
908 1909 954 1987 14,
978 1908 1036 1972 sed
1060 1904 1265 1972 Bertlucolurt
1291 1907 1318 1985 1,
1335 1904 1365 1966 9.
1397 1901 1540 1966 11611666-

97 2007 201 2087 16611,
225 2011 253 2071 7.
276 2010 326 2074 38.
355 2007 553 2095 Reitqaolurt
579 2009 660 2074 Mor.
682 2009 753 2076 340.
779 2008 934 2073 Riuulavt
956 2011 985 2092 1,
1004 2011 1052 2074 15.
1095 2007 1159 2074 His
1182 2006 1407 2072 conferendum
1430 2013 1542 2067 661611

95 2107 159 2190 ipsa
173 2108 325 2193 gallica
339 2117 446 2175 vetere
463 2110 690 2177 Relatucordus
705 2109 803 2176 Orell.
823 2109 937 2176 19661.
955 2133 984 2196 q.
1002 2111 1227 2174 Belutacadruo
1241 2107 1283 2194 sq.
1301 2105 1478 2192 (616616.
1495 2101 1540 2185 6),

89 2208 145 2273 nisi
166 2209 337 2296 sculptoris
360 2211 471 2276 vitium
487 2212 687 2278 statuendum
702 2221 760 2276 est.
795 2209 859 2279 Sed
883 2211 977 2276 etiam
999 2211 1176 2294 cornice,
1200 2233 1282 2296 quae
1310 2229 1434 2293 semper
1456 2204 1540 2268 eius-

91 2310 168 2374 modi
187 2311 368 2378 iunctiones
390 2335 538 2399 separare
562 2313 797 2394 consuevisset,
821 2315 981 2380 tamenin
1003 2337 1066 2378 uno
1089 2312 1233 2400 exemplo
1256 2329 1413 2376 consonas
1436 2313 1539 2370 11666-

90 2433 196 2494 ponere
218 2412 340 2478 maluit:
370 2415 478 2478 66116111
500 2414 670 2498 (66116116;
694 2416 810 2480 cambr.
826 2415 955 2500 ctwedl)
977 2414 1014 2480 P.
1033 2417 1102 2496 109,
1119 2417 1147 2497 3,
1175 2414 1217 2500 pl.
1233 2411 1385 2476 1616111666
1408 2408 1435 2492 (1
1454 2405 1540 2493 aspi-

89 2521 148 2575 rata
167 2521 295 2601 propter
316 2537 456 2601 sequens
479 2513 506 2600 l)
528 2514 570 2580 D.
587 2516 657 2581 369.
1591 2521 1594 2526 ·

162 2613 309 2702 Denique
325 2615 469 2681 abiectae
490 2638 651 2682 consonae
667 2617 812 2704 exempla
826 2627 936 2684 extant
957 2618 1131 2684 aremorica
1145 2641 1194 2704 ap.
1210 2615 1305 2682 Dum.
1325 2625 1389 2698 pot,
1401 2610 1465 2695 pod
1479 2607 1509 2692 (f
1526 2646 1540 2656 -

90 2713 207 2800 mulus),
230 2717 273 2802 Pl.
291 2720 386 2802 polri,
406 2717 517 2782 11111111·
538 2717 739 2804 (cognatus),
762 2718 805 2804 pl.
827 2719 979 2801 itendtl'vt',
997 2743 1079 2805 prop
1103 2721 1222 2806 (aptus⁷
1246 2747 1273 2770 =
1291 2711 1471 2802 proprius)²
1502 2733 1540 2774 ao

93 2813 146 2878 iam
165 2815 198 2880 in
217 2817 299 2883 Buh.
334 2819 387 2884 1661
408 2817 531 2903 (navis)
554 2819 583 2900 8,
602 2819 649 2902 13,
672 2827 708 2884 61
728 2821 921 2886 cambricum
943 2822 1025 2886 arod
1045 2820 1212 2906 (aratrum)
1234 2821 1324 2886 iuxta
1345 2815 1458 2894 urudr,
1482 2811 1540 2876 sed

96 2939 281 2984 6161116661.

623 3087 661 3158 O.
693 3089 751 3158 De
773 3093 998 3160 retacismo.

164 3224 216 3288 Ab
238 3224 466 3292 infectionibus
497 3224 562 3292 illis
590 3248 817 3310 consonarum,
848 3228 886 3293 de
915 3229 1030 3315 quibus
1058 3249 1155 3313 supra
1183 3233 1370 3305 autument,
1401 3221 1539 3309 propriis

91 3324 261 3392 colticarum
282 3327 463 3412 linguarum
482 3329 696 3394 recentiorum
719 3328 961 3416 distinguendae
984 3339 1056 3394 6661
1077 3329 1137 3394 hae
1160 3349 1370 3392 consonarum
1392 3322 1539 3390 mutatio·

96 3449 152 3508 res,
172 3426 327 3494 latissime
349 3450 422 3494 cum
442 3451 500 3516 per
517 3429 595 3494 alias
611 3429 737 3514 linguas
758 3439 826 3495 1661
847 3453 905 3516 per
926 3433 1062 3498 slavicos
1083 3439 1241 3518 patentes,
1266 3427 1323 3493 sed
1344 3449 1385 3491 ne
1408 3449 1427 3490 a
1448 3423 1536 3489 celti-

97 3527 135 3592 cis
155 3529 280 3613 quidem
300 3529 432 3611 alienae,
456 3553 534 3618 quas
550 3531 715 3596 zetacismi
733 3532 861 3596 nomine
882 3543 957 3618 post
971 3531 1208 3599 Sclrleicherum
1230 3528 1373 3617 plerique
1395 3549 1538 3613 compre-

92 3626 214 3696 hendere
230 3639 439 3712 consuerunt3
463 3654 541 3717 quas
555 3622 746 3698 mutationes
763 3633 861 3700 efficit
875 3637 1041 3720 sequensa'
1061 3633 1193 3714 vocalis,
1216 3633 1284 3698 sive
1304 3640 1447 3696 servatur
1468 3628 1540 3712 ipsa

89 3729 146 3794 sive
174 3732 206 3796 in
234 3755 408 3799 consonam
440 3734 671 3820 transgreditur
703 3733 754 3800 vel
787 3745 852 3821 perj
875 3736 1143 3820 assimilationem}
1164 3734 1294 3820 deperit.
1354 3731 1383 3798 E
1414 3732 1537 3797 celticis

88 3841 175 3898 autem
194 3834 313 3919 linguis
335 3833 405 3899 6616
424 3844 550 3920 praeter
571 3835 719 3921 gallicam
742 3837 897 3901 eiusmodi
920 3839 1104 3904 affectiones
1127 3843 1291 3902 aversatur
1312 3833 1479 3916 cambrioa,
1503 3835 1537 3898 in

90 3953 140 4015 qna
165 3935 392 4020 (6161161166)
420 3935 475 4000 vin
497 3936 594 4001 ullam
616 3938 688 4004 soni
709 3938 926 4005 alterationem
950 3963 971 4005 a
992 3938 1175 4005 diversitate
1198 3938 1355 4005 vocalium
1377 3959 1537 4002 consonae

88 4036 217 4120 accipere
237 4036 402 4118 videntur;
432 4037 601 4103 admittunt
627 4048 750 4106 ceterae
774 4040 901 4106 dialecti
924 4063 1055 4122 omnes,
1083 4041 1143 4107 6161
1173 4041 1311 4106 variatas
1340 4048 1484 4126 tempore
1508 4049 1538 4105 et

90 4132 157 4201 loco.
199 4137 283 4206 Cum
305 4139 389 4204 anim
410 4139 510 4206 huius
533 4139 711 4206 affectionis
735 4141 851 4227 duplex
873 4141 1072 4228 potissimum
1093 4143 1207 4208 modus
1231 4135 1286 4224 sit,
1311 4163 1373 4228 quo
1397 4150 1452 4206 aut
1472 4163 1538 4208 ser·

91 4245 168 4304 16166
190 4241 364 4325 generatim
386 4263 548 4308 consonae
570 4242 697 4307 modice
719 4241 899 4308 afficiuntur
921 4244 1089 4308 subiuncta
1104 4243 1287 4309 semivocali
1311 4243 1379 4309 sive
1400 4253 1436 4308 ut
1450 4244 1539 4310 aiunt

91 4335 283 4426 ieriantur,
306 4351 361 4406 aut
384 4343 549 4430 deperdita
571 4344 762 4430 proprietate
785 4345 818 4408 in
839 4367 941 4410 novos
964 4346 1118 4431 quosdam
1142 4367 1239 4411 66666
1261 4347 1538 4430 transgrediuntur

95 4440 137 4503 vel
156 4442 317 4510 sibilantes
344 4444 397 4510 vel
418 4445 617 4525 assibilatos,
647 4467 728 4532 quae
757 4447 829 4510 soni
857 4447 982 4511 affectio
1010 4450 1146 4512 6161111116
1175 4447 1381 4512 6616616161
1408 4450 1538 4515 6616166

90 4538 167 4624 digna
198 4555 261 4612 est:
302 4546 388 4632 prior
414 4545 470 4610 illa
497 4556 529 4612 et
557 4547 704 4614 subtilior
730 4547 865 4612 variatio
894 4549 965 4614 soni
993 4530 1148 4634 (lenatio)
1176 4551 1216 4615 ad
1242 4573 1351 4616 616666
1379 4572 1536 4616 66666666

91 4644 247 4724 primitivas
269 4647 438 4734 pertinens
460 4671 518 4734 per
537 4648 732 4714 hibernicam
754 4631 896 4736 linguam
917 4651 1060 4738 pervasit
1081 4674 1141 4716 666
1163 4652 1269 4718 aliena
1290 4662 1339 4718 ast
1362 4653 1537 4718 611616616-

88 4741 152 4826 1166
167 4749 292 4814 alteram
306 4750 530 4817 violentiorem
544 4750 751 4816 mutationem
767 4753 991 4836 (retacismnm
1006 4753 1142 4837 verum),
1159 4775 1222 4840 qua
1237 4757 1270 4820 in
1286 4753 1415 4820 slavicis
1431 4763 1535 4840 guttu-

91 4844 156 4912 rales
183 4861 213 4914 et
239 4851 382 4918 (16616166
389 4899 399 4932 ,
427 4851 606 4918 1666111616
636 4852 780 4919 dentales
810 4855 896 4922 solae
925 4855 1117 4938 afficiuntur,
1149 4879 1190 4921 ne
1217 4856 1385 4924 hibernica
1411 4857 1537 4942 quidem

91 4942 257 5038 11666666
278 4953 383 5018 minus
410 4954 440 5019 61
461 4954 556 5036 favet,
580 4953 690 5039 utique
712 4956 841 5037 vitavit,
871 4956 1001 5021 dialecti
1023 4979 1098 5022 vero
1122 4957 1278 5046 quaedam
1300 4957 1386 5022 illius
1409 4958 1537 5044 linguae

92 5049 202 5116 eandem
222 5054 355 5140 perinde
378 5064 452 5120 6661
473 5055 639 5144 amplexae
662 5065 757 5143 atque
780 5058 909 5123 comica
931 5068 962 5123 et
985 5059 1168 5124 aremorica.

159 5150 377 5226 Hibernica
404 5148 489 5226 enim
511 5157 621 5251 lingua
641 5158 799 5228 recentior
822 5160 954 5230 eandem
982 5183 1078 5248 quam
1101 5160 1242 5228 slavicae
1264 5161 1533 5250 pronuntiationis
1638 5183 1773 5463 Γ
1805 5171 1806 5264 1
