3678 5650
761 1631 951 1744 blllllR
988 1633 1300 1744 TERTIUS.

822 2012 826 2022 '
891 2047 956 2130 ou
979 2047 1159 2132 veruo.

377 2223 518 2292 Verbum
540 2232 704 2320 utriusque
724 2233 860 2318 liuguae,
883 2243 915 2298 et
935 2233 1119 2300 hibernicae
1142 2244 1173 2299 et
1189 2233 1392 2316 britannicae,
1415 2259 1480 2300 uon
1496 2234 1598 2299 solum
1613 2229 1734 2296 flexioni-

294 2330 354 2394 bus
376 2331 524 2412 abundat,
549 2334 716 2400 sedetiam
738 2334 901 2423 particulis
924 2335 1146 2402 comitantibus
1169 2337 1281 2402 eodem
1303 2337 1369 2402 fere
1391 2337 1496 2417 modo,
1520 2358 1583 2421 quo
1605 2331 1734 2398 articulus

295 2440 344 2496 est
365 2433 557 2498 substantivi
573 2457 689 2502 comcs.
733 2436 825 2518 Quae
847 2436 1033 2522 particulae,
1055 2447 1229 2524 temporum
1246 2440 1447 2525 potissimum
1469 2437 1602 2516 indices,
1625 2433 1733 2498 multum

293 2533 445 2601 adiuvant
471 2545 610 2620 systema
638 2539 726 2603 verbi
750 2537 865 2604 celtici.
911 2539 1036 2623 Agetur
1065 2561 1141 2625 ergo
1169 2541 1307 2627 singulis
1331 2541 1491 2627 capitibus
1519 2539 1560 2604 de
1582 2543 1733 2623 systemate

293 2637 385 2701 verbi
408 2637 542 2723 eiusque
562 2639 739 2723 particulis,
764 2648 858 2726 atque
883 2639 1090 2708 deflexione.

900 2865 962 2871 —-—
967 2865 1152 2873 -ι--Ἡ--υ-

854 3031 1017 3117 GAPUT
1042 3031 1201 3117 PlllUS.

557 3199 612 3274 De
641 3211 839 3299 systemate
866 3200 969 3275 verbi
1001 3213 1038 3275 et
1064 3202 1250 3302 particulis
1276 3201 1493 3275 verbalibus.

378 3397 587 3465 lllonumenta
606 3400 781 3469 vetustiora
800 3411 862 3468 tam
886 3403 969 3467 inter
983 3425 1019 3468 se
1041 3425 1136 3489 quam
1158 3425 1230 3468 cum
1244 3401 1477 3468 recentioribus
1498 3401 1626 3487 linguae
1644 3401 1738 3466 forus·

292 3499 432 3566 tionibus
455 3509 639 3587 comparata
660 3500 886 3568 demonstrant.
900 3526 998 3569 unum
1018 3504 1167 3590 idemque
1190 3512 1332 3590 systema
1359 3501 1450 3567 verbi
1472 3501 1579 3566 celtici
1600 3498 1737 3586 principio

293 3597 404 3664 valens
425 3621 484 3687 per
499 3624 610 3667 omnes
633 3601 798 3669 dialectos.
834 3604 980 3670 Produnt
1000 3605 1035 3669 in
1056 3613 1190 3690 utroque
1212 3625 1339 3689 genere,
1363 3602 1496 3667 activo
1519 3612 1552 3667 et
1571 3599 1736 3687 passivo,

292 3701 449 3786 equibus
477 3701 538 3768 boc
559 3703 729 3768 flexiouum
757 3707 869 3791 copiae
897 3705 959 3770 iam
993 3714 1043 3771 est
1069 3705 1218 3787 minoris,
1247 3715 1339 3770 terna
1360 3712 1518 3788 tempora:
1551 3721 1736 3789 praeseus,

291 3803 566 3886 praeteritum,
589 3802 770 3870 futurum.
809 3803 892 3874 Sunt
912 3817 1017 3872 autem
1040 3806 1182 3892 duplicia
1203 3805 1283 3871 haec
1306 3815 1458 3891 tempora,
1482 3811 1592 3891 utpote
1614 3799 1736 3887 prima-

290 3901 349 3965 ria
370 3909 402 3966 et
424 3903 640 3970 secundari
651 3928 684 3987 a,
708 3905 888 3972 differentia
903 3907 1179 3973 terminationibus
1195 3927 1405 3993 personarum
1420 3917 1452 3971 et
1466 3927 1536 3970 usu.
1569 3901 1673 3969 Trium
1686 3899 1737 3985 pri·

290 4001 461 4068 martorum
482 4003 652 4071 indicativi
672 4004 774 4072 forma
799 4007 966 4073 indicativi
994 4031 1122 4074 sensum
1150 4030 1227 4094 prae
1250 4029 1285 4072 se
1304 4007 1380 4088 fert3
1409 4006 1449 4072 de
1469 4003 1663 4072 secundariis
1687 4001 1736 4064 duo

293 4113 357 4168 tam
380 4104 540 4192 indicant,
563 4104 623 4170 bac
644 4109 844 4193 potissimum
866 4107 1030 4174 functione
1053 4109 1263 4194 congruentia
1284 4130 1355 4174 cum
1377 4107 1419 4172 iis
1439 4105 1648 4192 temporibus,
1672 4121 1736 4188 quae

291 4228 311 4269 a
324 4207 540 4290 grammaticis
562 4205 670 4274 latinis
693 4210 842 4276 dicumur
856 4208 1073 4295 imperfectum
1096 4219 1128 4274 et
1141 4207 1494 4296 plusquamperfectum,
1517 4228 1611 4292 qnam
1631 4203 1733 4268 incon

291 4306 453 4373 iunctione
470 4316 501 4372 st
516 4308 703 4375 condicione
720 4310 916 4391 adhibentur,
939 4311 959 4376 i.
977 4333 1004 4376 e.
1020 4310 1055 4375 in
1070 4311 1179 4377 eadem
1193 4309 1296 4376 forma
1317 4329 1466 4395 quacum
1480 4305 1644 4372 indicativi
1657 4322 1734 4369 seusu

291 4408 397 4492 posita
411 4408 606 4474 coniunctivi
623 4419 655 4475 et
669 4411 853 4497 potentialis
869 4412 1165 4498 condicionalisque
1179 4411 1251 4477 vice
1265 4411 1452 4497 funguntur3
1475 4407 1604 4472 mum
1618 4427 1682 4472 oum
1691 4423 1732 4466 ro·

290 4532 465 4590 manarum,
490 4532 569 4595 quas
593 4510 711 4593 dicunt,
733 4512 914 4597 linguarum
936 4512 1041 4578 futuro
1063 4511 1248 4598 imperfecto
1269 4511 1323 4576 vel
1338 4507 1553 4576 condicionali
1575 4525 1733 4592 comparau-

291 4611 379 4692 dum,
410 4612 449 4676 ab
472 4610 645 4677 indicativo
672 4611 738 4677 fere
768 4612 932 4678 exclusum
963 4613 1166 4680 coniunctive
1195 4621 1250 4677 aut
1271 4609 1536 4677 condicionaliter
1562 4608 1637 4697 poni
1661 4605 1732 4672 solet.

290 4713 428 4779 Futuri
451 4714 585 4778 exacti
608 4713 738 4799 propria
758 4710 867 4796 forma,
892 4714 997 4780 aliena
1017 4737 1037 4779 a
1059 4712 1204 4781 dialectis
1226 4713 1425 4793 britannicis,
1448 4712 1482 4776 iu
1503 4719 1628 4776 vetusta
1646 4709 1732 4791 lingua

291 4813 456 4880 hibernica
476 4836 665 4901 quamquam
688 4823 789 4894 extat,
818 4823 924 4880 tamen
944 4838 1050 4902 neque
1072 4839 1132 4880 usu
1154 4835 1282 4899 semper
1304 4813 1508 4901 distinguitur
1529 4836 1550 4879 a
1569 4811 1666 4878 futuro
1684 4806 1731 4892 prl-

291 4917 407 4996 mario,
430 4938 491 4981 neo
512 4915 612 4980 forma
634 4939 653 4979 a
674 4915 878 4981 coniunctivo
900 4916 968 5002 (vel
990 4913 1189 5004 optativo)
1211 4915 1385 5001 praeteriti.

377 5015 641 5082 Coniunctivi
662 5017 762 5082 forma
783 5019 912 5104 propria
932 5019 966 5084 in
982 5017 1127 5084 dialectis
1143 5014 1331 5081 britannicis
1352 5017 1438 5083 ultra
1458 5038 1610 5104 praeseus
1629 5023 1729 5096 tempus

291 5117 348 5180 vix
372 5127 489 5204 pateus
517 5119 603 5201 (cum
630 5119 665 5182 in
685 5125 749 5183 vet.
771 5118 936 5187 bibemica
961 5120 1116 5206 reliquiae
1147 5116 1230 5183 coni.
1254 5119 1415 5203 praeteriti
1442 5117 1566 5203 extent)
1594 5118 1627 5184 in
1650 5113 1729 5178 isdem
