3684 5648
459 387 486 454 Ι.
512 393 538 456 1.
571 405 721 456 vocsnns
742 401 974 454 sarrsnnrcau
995 401 1131 478 annuns.
1349 386 1401 471 (9⁵5
1414 387 1456 450 ⁹⁶)
1485 383 1521 450 81

80 603 132 668 pus
157 578 210 665 qui
230 578 266 643 in
285 575 450 644 hibernico
472 573 647 664 Musti-lille
665 581 805 639 vocatur.
844 573 896 640 De
917 592 998 638 voco
1018 569 1082 638 bib.
1104 580 1167 640 vet.
1188 569 1366 658 elrpleuiao'a,
1388 571 1527 656 drfus'oe'a

82 683 130 768 (gl
151 702 273 762 cancer,
296 678 441 763 morbus)
464 675 519 764 Sg.
536 676 575 741 of.
590 699 621 764 p.
638 678 688 740 73.

155 782 194 848 In
214 782 325 867 lingua
352 779 509 844 cambrioa
535 777 676 867 aspirata
686 776 716 859 f
736 784 775 841 ut
793 777 829 840 cb
857 775 1100 842 combinationis
1122 776 1185 842 cluo
1211 773 1391 842 infectionis
1414 794 1528 860 expers

83 895 137 966 est;
158 885 191 948 in
211 881 376 949 hibernico
397 879 540 960 omnisf
557 902 620 945 uno
643 887 675 944 et
693 877 806 943 eodem
826 899 958 944 numero
979 877 1125 944 habetur:
1153 879 1221 942 cuir
1243 887 1264 942 ι’
1273 866 1414 961 sollaiap
1435 877 1530 940 iomct

82 986 169 1072 (pone
189 984 323 1072 pallium
343 992 431 1048 tuum
452 981 537 1048 circa
557 983 604 1066 te)
627 977 752 1048 O’Don.
775 1002 806 1066 p.
823 980 894 1048 309.

678 1291 927 1302 —n—-n—-u——n—

566 1559 612 1636 II.
649 1561 753 1638 Soni
779 1561 1039 1638 britannici.

672 1748 715 1812 A.
748 1745 929 1813 Vocales.

162 1901 344 1970 Constituto
356 1899 467 1986 regula
481 1921 630 1964 sonorum
645 1898 827 1966 celticorum
842 1921 883 1966 ex
895 1899 1062 1965 hibernica
1075 1907 1234 1966 vetustata
1257 1899 1309 1965 vel
1323 1897 1449 1984 gallica,
1471 1897 1534 1964 iam

86 2006 156 2070 satis
170 2005 227 2070 erit
239 2003 345 2069 levius
361 2023 431 2066 eam
445 2001 600 2088 attingere
615 2001 668 2066 vel
681 2001 716 2066 iu
731 2002 911 2067 memoriam
925 2021 1085 2081 revocare,
1108 2002 1166 2066 sed
1180 2001 1272 2067 modo
1295 1999 1431 2086 amplius
1448 2020 1533 2066 corn-

86 2107 243 2190 probenus
258 2103 419 2192 oportebit
433 2103 520 2188 leges
536 2103 717 2189 propositas
733 2100 910 2189 desumptis
926 2125 944 2166 e
959 2101 1138 2168 britannica
1152 2103 1358 2170 dialectornm
1377 2102 1531 2168 uarietate

85 2206 228 2292 exemplis
249 2215 316 2271 tam
337 2204 553 2271 combricio
576 2226 669 2290 qnam
691 2203 870 2270 cornicis
894 2211 925 2268 et
946 2203 1199 2286 aremoricis,
1226 2203 1319 2272 modo
1342 2223 1536 2290 exponamus

84 2308 204 2394 propria
225 2329 375 2373 sonorum
395 2305 651 2400 britannicorum.
688 2305 740 2371 Ita
760 2305 813 2372 hic
834 2306 868 2370 in
889 2313 979 2393 parte
1002 2305 1042 2370 dc
1062 2305 1239 2388 vocalibus,
1261 2315 1298 2370 nt
1310 2327 1384 2371 mox
1405 2305 1445 2370 dc
1461 2327 1537 2370 con·

87 2410 167 2474 sonis
189 2419 220 2476 et
239 2408 274 2474 in
297 2407 411 2474 ceteris
433 2407 587 2494 partibus.
631 2406 802 2490 Quantitas
822 2406 992 2488 vocalium,
1015 2428 1087 2472 cum
1108 2408 1333 2493 producturum
1353 2406 1475 2474 notatio
1502 2407 1538 2472 in

87 2511 241 2576 codicibus
270 2509 459 2576 britannicis
485 2509 520 2574 in
546 2533 607 2576 usu
626 2533 693 2575 non
714 2511 786 2592 sit,
802 2510 971 2576 statuenda
999 2520 1049 2576 est
1075 2511 1319 2597 comparatione.
1370 2509 1438 2579 Soli
1465 2509 1539 2577 libri

87 2613 198 2678 cornici
218 2611 376 2678 interdum
397 2611 584 2697 productam
604 2613 757 2693 vocalem,
780 2612 915 2678 maxime
930 2634 947 2676 o
963 2619 996 2677 et
1008 2637 1039 2695 a,
1062 2621 1175 2678 notant
1189 2613 1299 2678 addita
1311 2613 1426 2695 vocali,
1448 2635 1540 2701 prae·

87 2715 186 2780 sertim
205 2736 227 2800 y
248 2713 301 2780 vel
322 2737 351 2778 e:
374 2727 441 2800 loys
463 2711 583 2798 (pater,
608 2713 647 2778 al.
670 2714 733 2799 too)
754 2711 790 2778 P.
814 2716 841 2797 1,
860 2717 887 2779 1.
916 2712 986 2800 boys
1007 2711 1112 2797 (esse,
1143 2715 1183 2780 al.
1206 2713 1271 2800 boo)
1293 2715 1343 2797 49,
1360 2717 1390 2780 2.
1423 2715 1493 2796 110,
1512 2715 1540 2778 2.

87 2817 195 2898 1221,
229 2816 269 2882 de
291 2815 376 2900 bopo,
400 2815 468 2879 boos
489 2813 625 2900 (cibus),
647 2815 714 2879 laer
732 2814 882 2900 (solum),
904 2815 974 2900 loef
990 2813 1154 2900 (manus),
1183 2815 1273 2880 brues
1296 2815 1479 2902 (iudicium)
1501 2815 1541 2882 cf.
1618 2807 1621 2824 '

86 2940 133 3004 pp.
155 2919 201 2984 95.
221 2920 277 3000 97,
301 2939 383 3004 qnae
404 2917 600 2983 consuetudo
622 2925 735 3004 postea
755 2917 789 2982 in
811 2915 865 2984 Cr.
886 2916 1074 3000 increbruit;
1101 2927 1209 2984 tamen
1229 2939 1291 2984 nec
1311 2917 1466 3004 regularis
1489 2926 1552 2983 ost·
1598 2973 1602 2981 .

87 3019 137 3084 illa
155 3021 282 3101 notatio,
306 3027 339 3084 ot
356 3017 515 3098 interdum
534 3027 648 3105 postea
668 3020 793 3084 demum
813 3020 987 3106 productae
1009 3029 1083 3086 sunt
1103 3019 1242 3101 vocales,
1266 3043 1348 3106 quae
1369 3019 1433 3085 hoc
1445 3019 1538 3085 modo

88 3121 250 3207 signantur,
273 3130 309 3185 ut
330 3120 416 3200 deod,
438 3120 516 3206 drap
537 3119 678 3206 (decem)
701 3119 752 3187 Or.
773 3123 975 3188 19712265.
1015 3123 1150 3188 Inloctio
1170 3121 1328 3187 vocalium
1348 3121 1540 3189 britannica·

87 3243 149 3289 rum
169 3225 275 3288 mem
296 3222 363 3288 fere
385 3229 435 3285 est
457 3229 551 3306 alqoe
571 3221 812 3304 hibernicarum,
835 3245 1024 3310 quamquam
1044 3225 1080 3290 in
1100 3222 1150 3288 his
1172 3224 1267 3310 paulo
1288 3223 1384 3290 latius
1406 3231 1504 3333 patet.

641 3493 810 3563 Vocales
832 3496 982 3563 breves.

165 3585 206 3696 A
228 3639 375 3722 correpta
394 3631 515 3696 intacta
535 3629 651 3694 mansit
671 3629 706 3694 in
727 3629 870 3716 plurimis
891 3629 1025 3696 uocibus
1047 3629 1243 3697 britannicis.

132 3749 140 3758 ·
164 3731 373 3800 (lambrica
394 3732 551 3820 exempla:
574 3753 629 3796 car
650 3729 795 3814 (amicus,
819 3723 988 3818 cognatus,
1011 3731 1075 3798 bib.
1091 3738 1154 3796 vot.
1170 3751 1260 3812 carc3
1284 3730 1318 3794 in
1332 3730 1467 3796 uetustis
1482 3751 1541 3794 no·

92 3834 217 3902 minibus
238 3835 365 3921 gallicis
385 3833 536 3921 frequens
550 3833 642 3899 radix
663 3832 733 3917 car)
747 3832 835 3900 Mab.
852 3835 880 3916 2,
897 3833 968 3898 226.
988 3834 1060 3899 231.
1087 3853 1175 3920 moos,
1196 3853 1281 3918 proco
1296 3830 1399 3920 (puer,
1416 3851 1541 3910 serrus3

93 3933 126 3998 ef.
150 3957 268 4018 moue,
296 3935 447 4020 casallos,
476 3935 626 4000 emendas
657 3935 742 4022 apud
769 3935 941 4024 scriptores
968 3933 1065 4000 medii
1091 3931 1183 4018 acui)
1212 3933 1254 4019 gl.
1278 3931 1340 3998 Ox.
1369 3931 1456 3998 Mab.
1490 3953 1543 3997 ma

96 4033 135 4116 (=
151 4059 235 4124 moy,
258 4035 379 4123 locus):
412 4037 468 4102 Mo
488 4036 609 4102 Mooric
631 4034 932 4124 (Mauricicmagus,
959 4036 1049 4101 locus
1074 4033 1237 4118 Mauricii)
1259 4033 1359 4099 Land.
1379 4035 1452 4116 197,
1481 4031 1543 4098 fre·

95 4156 182 4219 quens
201 4139 390 4224 pracsertim
410 4139 446 4204 in
460 4137 645 4225 compositis
665 4157 740 4219 ooo,
763 4137 824 4220 -J‘a,
848 4149 905 4220 out,
927 4137 980 4201 luat
994 4137 1132 4223 (pugna3
1154 4135 1219 4202 bib.
1241 4145 1304 4201 vet.
1327 4135 1405 4217 oolla,
1427 4133 1461 4200 in
1476 4133 1543 4220 gol·

96 4233 155 4302 licis
172 4239 354 4306 nominibus
375 4239 509 4306 vetustis
531 4239 617 4323 catu)
641 4235 747 4305 Oorm.
769 4261 799 4304 u.
823 4238 939 4320 calloel,
961 4237 1049 4304 Mab.
1073 4239 1102 4320 2,
1127 4238 1199 4306 381.
1220 4237 1293 4305 389.
1327 4257 1401 4321 mop
1427 4234 1545 4320 (lilius)

97 4336 134 4420 gl.
148 4337 205 4404 01.
220 4341 283 4407 39⁸.
312 4363 447 4406 rounam
469 4340 526 4426 (gl.
547 4339 693 4426 partior),
716 4341 864 4404 lammam
885 4339 942 4424 (gl.
959 4340 1065 4425 salio),
1088 4361 1162 4403 corr
1184 4337 1243 4425 (gl.
1258 4335 1453 4418 vebiculnm3
1475 4357 1546 4400 car·

98 4458 142 4502 rao
159 4442 241 4528 apud
257 4441 429 4510 Caesarem
451 4441 616 4510 Gallorum
637 4465 757 4526 currus,
780 4441 864 4506 unde
886 4454 1022 4523 carroco,
1044 4441 1191 4522 corrado,
1215 4439 1234 4502 i.
1253 4461 1280 4504 e.
1304 4448 1454 4524 quantum
1477 4459 1545 4502 car-

98 4561 142 4608 rus
160 4544 252 4630 capit,
275 4546 311 4611 in
332 4545 423 4613 libris
445 4544 541 4610 medii
563 4544 650 4630 aevi)
677 4545 719 4630 gl.
737 4543 798 4612 Ox.
829 4545 875 4608 tal
896 4542 1014 4628 (bons)
1031 4540 1090 4610 Cb.
1107 4544 1157 4607 51.
1181 4537 1267 4608 Gon.
1295 4562 1363 4605 ccm
1385 4537 1433 4623 (=
1447 4539 1543 4621 camb,

100 4665 213 4733 curuns5
236 4647 274 4716 cf.
299 4644 549 4729 Cambodunum,
571 4645 782 4736 Morioarnbe)
803 4645 847 4733 lq.
890 4645 1016 4712 Nomen
1030 4643 1173 4726 Taranis,
1197 4641 1362 4710 Gallorum
1385 4641 1437 4707 dci
1459 4639 1545 4727 apud
1596 4661 1597 4664 ¹

100 4746 259 4835 Lucanum,
289 4749 472 4816 etiamnunc
492 4750 647 4816 intactum
667 4750 702 4815 in
722 4770 802 4815 voce
825 4747 991 4813 cambrica·
1003 4759 1097 4814 taron
1118 4745 1277 4830 (tonitru).

169 4854 348 4924 Cornica
374 4856 507 4924 eVoc.:
536 4878 592 4919 cor
614 4850 784 4940 (amicus),
813 4849 858 4914 tol
879 4848 1011 4934 (frons),
1037 4851 1112 4938 plan
1133 4847 1251 4936 (ripe),
1280 4845 1351 4912 brar
1372 4844 1545 4932 (grossus),

103 4975 157 5020 oum
170 4955 318 5044 (strabo),
338 4981 443 5046 porco
458 4958 574 5046 (grus),
597 4968 691 5022 turco
706 4951 864 5040 (tonitru),
886 4951 958 5016 urob
972 4952 1096 5035 oflaaar
1118 4951 1264 5035 (miens),
1284 4959 1388 5038 pauor
1408 4947 1546 5032 (capra).

103 5051 236 5127 trun:
260 5085 316 5127 cor
338 5059 485 5148 (parcns)
501 5061 551 5141 93,
567 5062 597 5126 3.
624 5081 716 5144 pauca
737 5052 884 5141 (debilis)
908 5055 977 5136 166,
993 5055 1022 5118 4.
1050 5053 1130 5137 mab,
1146 5075 1228 5118 mom
1244 5052 1353 5137 (filius,
1369 5047 1482 5134 mater)
1503 5047 1547 5134 fq.

104 5177 177 5239 oorm
196 5161 344 5248 (clamor)
367 5162 442 5244 Η.
465 5162 537 5242 101,
553 5161 584 5226 4.

136 5273 215 5346 druso
232 5295 335 5336 ossan.
353 5293 430 5334 orac.
463 5275 515 5331 Eo.
531 5273 566 5332 11.
909 5338 913 5344 p
1332 5274 1348 5324 6
