3684 5648
294 327 338 410 78,
361 329 415 393 (91)
705 306 732 394 1.'
757 331 784 394 l.
817 347 995 396 consonas
1018 345 1184 396 canrroan
1205 345 1402 396 scamaras.

292 535 316 594 a,
341 513 382 594 a,
405 513 434 574 θ
457 548 500 562 -
521 514 557 578 da
579 508 705 602 quoque
721 515 909 582 addendum
931 541 1003 586 esse
1025 518 1151 584 videtur
1173 539 1213 582 ex
1233 517 1363 582 nomine
1383 513 1596 580 Redcomarus
1618 512 1667 598 (=
1678 511 1761 578 Rer-

293 613 498 699 domarusi),
522 637 619 702 supra
641 616 688 704 (p.
704 618 745 682 63
770 619 852 704 not.)
874 629 1060 686 memorato.

384 714 588 783 Gutturalem
611 727 716 784 autem
739 719 914 804 aspiratam
935 720 979 802 X,
1003 720 1066 788 GH
1087 745 1107 786 a
1127 721 1245 806 gallica
1266 719 1375 804 lingua
1395 717 1525 804 penitus
1552 717 1692 794 elimam
1715 717 1763 780 in-

297 818 458 898 dicamus,
483 840 565 904 quae
587 818 621 884 in
643 842 768 885 summa
788 822 953 886 nominum
976 822 1164 906 gallicorum
1186 821 1281 907 copia
1301 821 1387 906 apud
1409 816 1598 900 Caesarem,
1623 817 1762 882 Plinium

299 919 445 1006 aliosque
469 921 642 1007 scriptores
656 929 751 1007 atque
773 922 807 986 in
824 909 1003 988 Itinerariis
1017 923 1159 988 romanis
1179 943 1338 1007 nusquam
1352 921 1541 984 inveniatur.
1563 917 1669 1004 'Apud
1686 915 1764 983 Gre-

295 1021 423 1107 gorium
444 1021 572 1086 demum
589 1022 809 1090 Turonensem
825 1024 957 1090 nomina
974 1025 1130 1110 quaedam
1146 1022 1321 1088 aremorica
1335 1029 1446 1086 extant
1460 1021 1494 1086 in
1512 1020 1629 1107 quibus
1645 1018 1683 1082 ct
1703 1041 1763 1082 non

298 1121 342 1188 sit
355 1122 573 1188 infitiandum:
598 1122 734 1206 Clamo,
760 1123 986 1207 Cbonomorus,
1012 1124 1186 1206 Ctonober,
1209 1123 1435 1188 Britannorum
1450 1122 1594 1202 comites,
1618 1123 1648 1201 4,
1663 1121 1693 1182 4.
1709 1118 1761 1198 ‘20;

292 1222 466 1290 Warocbus
488 1224 642 1290 Macliavi
664 1225 767 1308 filius,
796 1229 825 1308 5,
845 1229 893 1291 16.
910 1229 959 1292 ti.
988 1227 1084 1308 9,18.
1127 1226 1174 1290 At
1199 1247 1265 1290 non
1286 1223 1416 1290 difficile
1443 1222 1623 1310 perspicias
1653 1221 1689 1284 in
1714 1219 1762 1284 bis

278 1325 329 1388 'ct
351 1325 494 1391 obtinere
516 1326 623 1391 locum
643 1350 676 1409 a,
706 1327 735 1392 si
756 1326 902 1393 conferas
931 1327 1062 1392 nomina
1082 1327 1223 1391 virorum
1249 1326 1428 1392 britannica
1456 1333 1522 1388 tam
1544 1324 1651 1388 Keaeu
1679 1321 1714 1406 (i.
1735 1344 1760 1385 e.

292 1422 448 1510 Catulus)
469 1425 557 1492 Mab.
574 1429 603 1509 2,
620 1427 697 1509 236,
728 1427 890 1492 Morceaoa
912 1426 984 1494 Lib.
1006 1427 1109 1493 Laud.
1136 1427 1209 1508 136,
1239 1426 1398 1507 duodenae
1421 1425 1523 1491 Rhed.
1544 1446 1596 1511 ap.
1618 1421 1661 1487 D.
1682 1421 1761 1488 Mor.

230 1597 233 1624 ¹
293 1529 370 1607 357,
399 1547 495 1613 quam
521 1529 701 1616 composita
721 1551 795 1594 cum
817 1551 907 1610 aaa,
929 1551 999 1594 coa·
1030 1540 1064 1594 ut
1088 1527 1287 1608 Οιιηοιατηαε,
1318 1527 1533 1607 conanae,
1563 1522 1762 1611 Maqlocuma

290 1627 393 1711 (infin
421 1629 480 1694 sub
507 1629 539 1696 U
565 1632 680 1716 brit.);
714 1631 762 1696 sic
791 1629 970 1695 Warochus
1005 1639 1055 1696 est
1087 1651 1204 1694 nomen
1231 1651 1326 1694 arem.
1365 1627 1482 1710 libror,
1516 1621 1635 1692 Grrernc
1662 1623 1760 1689 Rbed.

291 1753 342 1817 ap.
366 1729 407 1794 D.
429 1729 511 1795 Mor.
535 1733 606 1813 331,
631 1741 790 1799 servatum
813 1733 910 1798 etiam
932 1733 966 1796 iu
980 1731 1111 1796 nornine
1131 1730 1288 1816 frequenti
1308 1730 1451 1815 regionis
1466 1728 1662 1795 aremoricae
1684 1725 1762 1790 Bro-

289 1851 399 1912 weron,
429 1853 510 1917 quae
532 1833 652 1899 dicitur
672 1837 778 1920 patria
804 1830 937 1900 (inauri
956 1833 1057 1899 Rbed.
1081 1834 1133 1918 ap'.
1155 1830 1198 1896 D.
1220 1829 1300 1896 Mor.
1323 1831 1401 1912 339,
1431 1830 1609 1895 derivatum
1638 1839 1672 1893 ut
1693 1827 1762 1914 plu-

290 1933 373 1998 rima
398 1932 432 1996 in
455 1935 506 1997 -dc
532 1934 670 2018 (cambr.
693 1944 755 2001 vet.
779 1959 851 2018 carc,
874 1965 908 1990 =
927 1943 989 2000 vet.
1013 1934 1086 2019 gall.
1110 1934 1187 2019 aa).
1231 1933 1301 1997 Nec
1324 1932 1415 2026 aliter
1442 1954 1478 1996 se
1498 1930 1630 1996 babebit
1655 1953 1707 1996 res
1729 1931 1761 1992 in

289 2034 402 2120 paucis
424 2034 608 2100 nominibus
636 2037 713 2102 alibi
742 2037 883 2103 traditis:
913 2035 1071 2120 Χιομάρα
1101 2033 1197 2118 (uxor
1222 2032 1421 2119 Ortiagontis
1444 2030 1633 2100 Galatarum
1661 2031 1760 2116 regim

290 2158 395 2222 aquo
425 2135 554 2201 nomine
588 2137 750 2204 dicerem
776 2161 841 2204 non
865 2137 961 2204 fuerit
986 2159 1104 2203 nomen
1129 2135 1192 2200 viri
1216 2133 1414 2202 Civismarus
1436 2157 1486 2220 ap.
1507 2133 1621 2218 Liar
1648 2132 1759 2219 Polyb.

274 2239 341 2320 Ι22,
363 2239 413 2302 21.
448 2234 588 2304 Chrixus
616 2237 784 2322 (Boiorum
806 2241 884 2322 dux;
912 2239 946 2303 in
972 2261 1034 2325 quo
1064 2236 1212 2323 equidem
1238 2235 1319 2302 nihil
1343 2235 1438 2302 video
1465 2235 1529 2302 nisi
1556 2235 1620 2300 adi.
1644 2235 1760 2301 cambr.

289 2339 395 2424 opat,
427 2339 569 2425 crispus,
600 2339 639 2416 cf.
667 2341 704 2404 ab
722 2371 755 2395 =
773 2365 795 2405 x
822 2340 906 2406 inter
926 2341 1086 2428 spirantes
1107 2337 1319 2420 britannicas)
1347 2336 1404 2406 Sil.
1426 2335 1499 2402 Ital.
1521 2339 1555 2418 4,
1577 2337 1650 2402 248.
1676 2327 1762 2398 Ἀκι-

288 2435 411 2522 χώριος
432 2439 617 2524 (Gallorum
639 2441 719 2526 dux)
740 2441 878 2507 Pausan.
905 2444 952 2524 10,
977 2444 1025 2507 19.
1068 2439 1240 2507 Fanochea
1260 2438 1362 2504 lnscr.
1384 2438 1522 2505 Nannet.
1547 2437 1647 2504 Orell.
1670 2439 1760 2502 4459.

292 2541 460 2629 Principio
482 2565 558 2608 vero
580 2542 659 2608 haec
674 2545 711 2606 ot
731 2552 796 2607 tam
818 2543 924 2609 aliena
946 2542 1159 2609 existimanda
1181 2550 1231 2608 est
1251 2541 1400 2625 elingua
1422 2539 1539 2625 galbae
1560 2563 1657 2626 quara
1678 2563 1698 2604 a
1717 2539 1762 2603 la-

288 2643 375 2726 tina,
405 2665 487 2730 quae
517 2645 577 2709 etsi
598 2644 752 2730 pristinas
774 2644 932 2730 aspiratae
956 2654 1010 2709 aut
1031 2644 1144 2710 reiecit
1167 2653 1222 2708 aut
1249 2642 1462 2728 inspirantes
1484 2641 1519 2726 f,
1548 2643 1569 2706 Ιι
1596 2640 1761 2720 convertit

287 2752 402 2830 postea
413 2751 524 2811 tamen
534 2767 655 2831 paucas
666 2745 786 2810 formas
798 2746 987 2832 procreavit
1001 2746 1112 2831 quales
1124 2752 1198 2811 sunt
1207 2743 1344 2829 palata,
1362 2743 1563 2828 sepulchrum,
1580 2743 1762 2829 triumphus.

375 2845 449 2928 Sed,
473 2854 543 2911 utut
563 2869 616 2913 res
640 2869 676 2912 se
698 2847 802 2930 habet,
825 2848 859 2911 in
879 2847 1112 2914 recentioribus
1134 2853 1220 2912 certe
1243 2844 1388 2910 dialectis
1404 2843 1528 2912 celticis
1550 2845 1761 2930 aspiraturum

180 3011 183 3017 .
288 2955 417 3034 praeter
439 2971 534 3014 unam
542 2947 569 3034 f
580 2947 785 3034 (spirantem)
808 2949 929 3014 nullum
952 2959 1039 3014 extat
1053 2947 1233 3034 vestigium.
1261 2947 1314 3010 De
1329 2945 1543 3012 destructione
1557 2947 1762 3037 pristinarum

288 3051 496 3137 aspiratarum
515 3049 600 3116 facta
620 3050 655 3115 in
673 3050 793 3136 linguis
815 3051 855 3116 ab
875 3059 1009 3136 utraque
1030 3059 1121 3135 parte
1141 3049 1342 3134 germanicae
1365 3049 1561 3130 confinibus,
1588 3047 1713 3115 slavica
1732 3057 1763 3113 et

292 3151 416 3232 celtica,
440 3173 537 3237 supra
560 3150 679 3216 dictum
701 3161 752 3218 est
772 3153 818 3238 (p.
835 3153 874 3217 36
898 3151 998 3238 sqq.);
1021 3173 1086 3238 qua
1105 3173 1140 3215 re
1162 3151 1333 3237 plurimum
1356 3152 1476 3218 distant
1496 3151 1570 3216 illae
1591 3149 1763 3235 linguaea

288 3275 419 3340 graeca,
448 3275 508 3318 nec
535 3252 635 3318 multo
663 3253 795 3340 propius
822 3253 979 3318 accedunt
999 3254 1041 3318 ad
1061 3253 1202 3318 latinam.
1246 3251 1328 3319 Cum
1357 3253 1443 3319 enim
1470 3253 1599 3320 dialecti
1624 3252 1762 3318 baltieae

292 3355 470 3440 (lituanica,
494 3354 611 3437 lettica
634 3352 796 3440 prussiae)
819 3355 967 3420 omnibus
983 3363 1112 3422 careant
1133 3353 1294 3440 aspiratis,
1317 3365 1349 3420 et
1370 3355 1492 3420 slavica
1512 3353 1624 3442 lingua
1645 3363 1678 3418 et
1700 3353 1762 3418 cel-

291 3457 365 3540 tica,
390 3457 452 3524 etsi
472 3455 627 3521 maiorem
647 3463 770 3542 partem
793 3481 902 3524 earum
924 3467 1113 3545 aspernatae
1128 3463 1210 3535 eunt
1233 3455 1388 3540 quasdam
1409 3467 1516 3524 tamen
1539 3457 1568 3522 si
1588 3479 1654 3522 non
1677 3457 1763 3542 aspi-

291 3567 377 3624 ratas
400 3558 499 3643 ipsas,
522 3565 555 3621 at
577 3557 736 3642 spirantes
758 3558 881 3625 similes
905 3583 984 3627 sono
1007 3569 1041 3624 ut
1060 3559 1165 3644 magis
1188 3565 1294 3642 gratas
1315 3568 1505 3646 receperunt
1525 3581 1563 3624 aa
1585 3569 1761 3624 servanmt.

375 3657 420 3722 Et
441 3658 563 3723 slavica
583 3657 712 3744 quidem
726 3661 762 3725 ct
784 3663 932 3743 servavit,
956 3661 1128 3748 aspiratam
1151 3661 1220 3726 sive
1235 3659 1343 3746 potius
1366 3659 1540 3747 spirantem
1559 3659 1761 3746 gutturalem.

292 3759 413 3826 Verum
434 3759 516 3825 haec
536 3759 647 3844 lingua
669 3761 796 3828 etiamsi
817 3763 850 3828 in
873 3763 1084 3848 gutturalibns
1106 3783 1263 3827 summam
1276 3761 1460 3827 infectionis
1480 3761 1544 3826 uim
1558 3761 1763 3828 varietatem-
1829 3843 1830 3848 ἵ

292 3883 354 3947 qua
377 3859 572 3948 explicuisse
593 3859 728 3928 dicenda
750 3873 813 3944 est,
842 3886 924 3950 quae
944 3885 1011 3929 non
1032 3862 1126 3929 modo
1154 3863 1195 3928 ad
1218 3871 1360 3928 servatas
1381 3863 1401 3926 k
1423 3871 1495 3949 etp
1523 3862 1602 3948 (tam
1623 3863 1763 3928 mediam

292 3962 333 4028 ab
354 3962 447 4026 initio
479 3983 574 4048 quam
600 3963 770 4049 aspiratam
799 3965 831 4029 in
857 3964 997 4029 mediam
1022 3984 1239 4049 progressam:
1270 3969 1352 4049 porti
1373 3993 1407 4018 =
1428 3963 1546 4044 hostis,
1576 3971 1640 4049 got
1667 3975 1761 4048 quaa,
1829 4027 1830 4084 1

289 4062 394 4148 prodat
414 4091 447 4116 =
462 4071 525 4146 got
538 4063 652 4148 parda)
669 4065 786 4132 additis
801 4088 815 4128 s
831 4074 862 4130 et
876 4088 908 4130 a:
931 4066 1050 4129 acridiae
1070 4093 1104 4118 =
1118 4087 1173 4130 cor
1187 4056 1292 4130 cordis
1316 4063 1398 4148 (bib.
1416 4063 1525 4149 crida),
1548 4064 1649 4147 deceta*
1658 4092 1694 4116 =
1708 4063 1763 4128 de-
1829 4085 1830 4164 q

293 4183 377 4243 cem,
405 4163 454 4226 ata
471 4192 504 4216 =
526 4161 587 4224 uia
609 4162 688 4247 (bib.
710 4166 792 4250 cln);
818 4164 910 4248 aaajq
931 4195 960 4220 =
978 4186 1115 4251 gnosco,
1142 4167 1224 4228 aima
1243 4194 1277 4220 =
1296 4163 1415 4247 biems,
1442 4163 1539 4246 renna
1560 4162 1702 4246 (acerba)
1731 4193 1762 4217 =
1829 4167 1830 4240 t

291 4261 416 4344 humus,
438 4263 540 4352 mlrirq
557 4293 590 4317 =
603 4265 740 4350 mulgeo,
763 4270 821 4330 arri
841 4296 874 4320 =
889 4289 959 4352 ego,
983 4267 1041 4332 sed
1056 4266 1153 4331 etiam
1167 4265 1269 4331 isdem
1291 4265 1393 4348 antej
1406 4274 1438 4330 et
1451 4269 1474 4346 i,
1497 4265 1520 4345 i,
1543 4286 1569 4344 e,
1591 4265 1611 4326 d
1627 4264 1760 4329 sordes

290 4363 419 4430 infectis
444 4364 557 4430 miram
589 4364 785 4432 sibilantium
818 4369 1005 4434 varietatem
1037 4366 1267 4453 procreaverit:
1300 4367 1423 4451 cbtprr'jc
1448 4395 1483 4420 =
1509 4373 1657 4452 quattuor
1694 4363 1760 4448 (lit.

290 4463 404 4548 arua,
441 4465 506 4532 hib.
534 4467 683 4552 catlair),'
700 4469 781 4532 itari
806 4466 969 4553 (mederi)
1003 4491 1021 4534 e
1049 4467 1118 4532 itta
1145 4465 1324 4550 (medicus,
1362 4497 1397 4522 ==
1423 4477 1487 4553 got
1512 4463 1614 4547 octa,
1651 4466 1760 4547 nnat,

290 4566 356 4633 bib.
380 4567 486 4654 liasg);
509 4571 585 4633 iana
607 4598 638 4622 =
653 4562 734 4652 γυνή
756 4567 835 4654 (got.
852 4569 967 4654 potati),
993 4568 1083 4632 leina·
1101 4599 1135 4623 ==
1149 4591 1245 4655 germ.
1262 4571 1357 4657 liqna,
1380 4571 1443 4632 loia
1462 4597 1497 4622 =
1510 4567 1575 4634 bib.
1593 4567 1670 4653 liqc;
1694 4573 1765 4632 cari
1829 4595 1830 4670 (

292 4666 379 4752 (rex)
401 4697 435 4723 =
450 4666 579 4751 Caesar,
602 4671 667 4734 cdlrt
689 4671 814 4752 (sanus)
837 4700 868 4724 =
884 4679 947 4756 got.
963 4669 1058 4751 daila
1081 4671 1203 4735 anatolii
1225 4670 1438 4754 (monachus),
1461 4691 1531 4736 voc.
1546 4670 1656 4749 maiia,
1677 4669 1760 4755 plur.

1829 4827 1830 4872 t

1829 4877 1830 4910 l

1829 4979 1830 5012 l

359 4821 371 4848 ⁸
393 4819 504 4876 Nomina
521 4824 656 4892 peregrina
671 4839 688 4876 a
705 4825 803 4894 graeds
821 4825 989 4892 scriptoribus
1007 4823 1094 4875 minus
1112 4827 1232 4876 accurata
1254 4824 1310 4876 sinc
1328 4823 1408 4876 dubio
1424 4822 1526 4877 reddita
1550 4825 1614 4876 aunt
1641 4837 1722 4892 quam
1746 4839 1761 4874 a
1829 4781 1830 4816 i

291 4889 389 4952 latinis,
406 4893 498 4958 utpote
513 4892 551 4944 ori
564 4905 654 4960 gracco
671 4894 753 4962 mans
765 4893 963 4956 accommodata,
982 4907 1140 4960 quamquam
1157 4894 1290 4961 practerea
1306 4892 1446 4946 alibrariis
1460 4891 1595 4962 depravari
1607 4895 1759 4960 potnerunt
1829 4915 1830 4958 i

290 4957 321 5011 n.
333 4972 356 5009 c.
368 4957 434 5011 addo
450 4960 543 5028 gallica
560 4959 687 5028 quaedam
704 4963 809 5016 nomina
825 4963 858 5016 ab
877 4962 909 5015 iis
927 4960 1062 5028 corrupta:
1086 4959 1285 5028 Οὐεργεντοριξ
1306 4963 1340 5025 (=
1358 4960 1555 5032 Vercingetorix
1572 4959 1661 5024 Gaea,
1685 4961 1761 5013 euius
1829 4961 1830 5028 J

289 5025 396 5078 formam
417 5027 556 5096 genuinam
578 5029 727 5097 comprobat
749 5045 841 5084 nomen
866 5029 1010 5100 Giaqaorix
1033 5027 1118 5094 Gaea,
1141 5029 1197 5083 sinc
1220 5027 1349 5098 particula
1370 5045 1417 5084 aar
1438 5029 1591 5099 praemissa)
1612 5045 1655 5098 ap.
1679 5027 1759 5092 rrae.
1829 5031 1830 5102 ζ

289 5097 464 5149 onxcrsxloe
481 5098 513 5161 (ε
524 5095 641 5162 Lutatia3
660 5097 692 5151 ci.
710 5114 735 5168 p.
749 5101 791 5170 lt)
801 5115 843 5169 ap.
853 5097 928 5164 Ptol,
940 5097 1085 5170 Ἴσομβρες
1100 5099 1134 5162 (--
1145 5098 1277 5163 Insubres)
1294 5113 1336 5167 ap.
1356 5097 1450 5166 Polyb.
1829 5117 1830 5122 ¹
