3656 5652
340 163 344 192 t

310 353 369 416 176
401 353 472 417 (191)
574 350 601 416 Ι.
624 351 653 416 2.
687 369 864 417 consonus
886 370 1101 420 rnonosnrns
1124 373 1308 432 stanneus
1330 371 1499 428 mesonc.

306 539 413 623 (vasa)
435 537 514 624 Leg.
535 535 637 620 Mau,
667 561 752 605 corn.
776 541 857 604 b'strt'
876 539 1005 626 (naves)
1028 539 1123 622 Vae,
1158 565 1251 608 arem.
1272 543 1346 610 hod.
1370 543 1450 609 lutri
1470 547 1563 612 etiam
1585 555 1686 612 contra
1702 548 1734 612 hi·
1806 579 1816 626 ,-

304 641 463 706 bernicam
478 641 629 725 regulam,
653 641 684 704 in
700 641 750 708 his
765 644 924 708 recentius
946 643 1052 730 potius
1069 643 1316 708 additamentum
1339 647 1540 712 statuendum
1554 657 1609 730 est,
1630 648 1660 712 id
1674 651 1737 733 quod
1803 631 1808 674 ²

304 741 462 806 interdurn
489 743 640 827 probatur
666 743 774 808 formis
803 741 890 826 aliis,
921 754 954 808 ut
980 769 1038 830 pro
1061 745 1219 813 sambrico
1247 749 1341 811 nicini
1360 747 1514 836 (lapides)
1537 747 1620 814 Mah.
1646 750 1736 814 etho
1804 746 1808 822 't

307 842 415 907 dierno
436 866 502 906 non
524 843 624 907 solum
648 854 733 908 extat
755 869 840 911 corn.
863 869 950 930 *riceyo
973 845 1010 910 P.
1035 854 1130 931 atque
1152 870 1248 913 arem.
1270 847 1343 914 hod.
1365 853 1455 932 mnu,
1478 850 1537 916 sed
1556 850 1655 936 ipsum
1677 875 1736 936 quo·
1807 911 1817 920 ,

304 966 364 1028 que
387 941 504 1010 cambr.
530 954 590 1010 vet.
614 948 693 1008 nrein
716 943 774 1012 Cb.
792 949 832 1010 55
855 947 938 1034 apud
960 957 1073 1034 poetas
1097 948 1276 1015 etiamnunc
1297 951 1407 1034 vigere
1427 951 1571 1016 traditur.
1807 927 1808 960 ¹

804 1643 966 1727 CAPUT
998 1643 1250 1729 Auruncu.

467 1812 524 1886 De
550 1812 719 1885 consonis
745 1837 855 1884 voces
880 1813 1134 1886 inchoantibus
1158 1841 1356 1913 earumque
1380 1815 1589 1894 infectione.

383 1998 475 2063 Patet
497 2021 535 2062 ex
558 1998 597 2062 iis
620 1997 710 2084 ipsis,
734 2019 815 2082 quae
838 2020 934 2082 supra
948 1997 1108 2084 disputata
1123 2007 1205 2082 sunt,
1228 2022 1387 2066 consonas
1409 2001 1443 2064 in
1457 2002 1616 2090 principio
1630 2024 1738 2079 vocum,

297 2125 362 2166 non
384 2100 486 2164 solum
514 2122 633 2179 earum,
663 2122 743 2184 quae
772 2107 846 2163 sunt
872 2099 906 2164 in
928 2098 1026 2164 altero
1053 2100 1124 2165 loco
1152 2102 1335 2188 compositi,
1364 2103 1422 2168 sed
1449 2105 1545 2169 etiam
1573 2126 1650 2190 quae
1679 2113 1739 2166 sunt

298 2211 387 2266 extra
401 2200 663 2287 compositionem
679 2201 748 2266 sola
763 2202 998 2266 constructione
1021 2203 1177 2268 sermonis
1193 2205 1381 2270 coniunctae
1396 2227 1469 2270 cum
1483 2203 1737 2278 antecedentibus,

296 2303 501 2368 infectionem
524 2303 631 2367 subire
653 2313 716 2366 tam
737 2303 770 2366 in
786 2302 948 2368 hibernica
968 2303 1078 2388 lingua
1101 2325 1194 2389 quam
1214 2306 1250 2368 in
1272 2307 1450 2373 britannica
1471 2306 1645 2372 secundum
1663 2305 1740 2389 leges

297 2429 361 2470 uon
377 2404 520 2469 diversas
536 2403 710 2489 generatim
731 2404 890 2490 alegibus
911 2404 1092 2470 infectionis
1113 2406 1150 2470 in
1170 2407 1285 2472 mediis
1307 2419 1339 2473 et
1360 2410 1508 2476 extremis
1530 2408 1671 2474 vocibus.
1703 2403 1741 2470 L't

296 2528 457 2572 consonae
479 2504 665 2570 inchoantes
688 2504 821 2570 alteram
841 2526 952 2570 vocem
974 2505 1007 2570 in
1030 2507 1185 2594 exemplis
1206 2508 1395 2576 hibernicis:
1419 2511 1482 2574 driu
1503 2509 1591 2575 catch
1612 2509 1675 2594 (ars
1696 2529 1740 2571 cu·

295 2608 430 2692 iussis),
457 2609 560 2671 icatlt
588 2607 637 2692 (in
657 2631 779 2695 pugna3
809 2629 848 2672 ex
874 2609 908 2670 r'n
928 2607 1027 2692 cuth),
1062 2631 1110 2672 nm
1131 2609 1262 2692 obuncet,
1290 2634 1339 2676 nro
1361 2611 1475 2676 chlcnd
1503 2612 1620 2698 (genus
1641 2633 1740 2688 meum,

294 2710 401 2796 proles
423 2710 518 2792 mea),
540 2733 588 2773 urso
610 2711 672 2774 thol
693 2709 856 2794 (voluntas
879 2709 973 2794 mea),
997 2712 1035 2775 do
1053 2711 1170 2796 phopul
1192 2711 1342 2798 (populo)
1366 2713 1542 2800 desumptis
1565 2711 1678 2793 eWb,
1699 2733 1741 2775 se·

295 2822 407 2877 cuntur
435 2811 562 2876 easdem
587 2812 729 2898 regulas,
764 2833 843 2896 quas
876 2819 1025 2874 secuntur
1060 2811 1094 2874 in
1119 2813 1234 2879 mediis
1269 2824 1301 2880 et
1326 2816 1473 2882 extremis
1499 2815 1634 2881 vocibus
1666 2833 1742 2874 naurs

294 2913 427 3000 (equus;
450 2935 466 2975 c
486 2937 551 2977 non
573 2913 690 2979 infecta
712 2913 751 2977 ob
774 2911 991 2998 positionem),
1015 2915 1077 2977 σοῖο
1100 2913 1270 3001 (quinque;
1299 2939 1316 2982 e
1340 2916 1453 3001 coine),
1476 2917 1578 2981 lethea
1600 2915 1742 2998 (latus3c

253 3073 255 3080 ,
295 3015 404 3098 tutan),
427 3015 520 3078 cathir
536 3014 700 3101 (quatuon
724 3015 855 3096 scetis),
879 3013 930 3076 eet
945 3012 1000 3098 (ex
1015 3037 1055 3095 ec,
1072 3037 1187 3102 equus;
1211 3029 1231 3098 t,
1245 3041 1262 3080 e
1275 3017 1410 3082 infectae
1433 3027 1522 3082 extra
1534 3013 1742 3104 positionem).

294 3117 376 3182 Item
398 3116 528 3181 infectio
551 3140 709 3182 consonae
731 3117 750 3180 lc
770 3115 909 3181 nominis
931 3115 980 3178 hui
998 3115 1031 3180 in
1055 3117 1210 3204 exemplis
1233 3118 1414 3184 cumbricis:
1437 3142 1458 3181 a
1479 3119 1545 3182 etei
1565 3119 1613 3204 (et
1628 3117 1742 3200 Cuius),

291 3221 384 3304 ppei
404 3217 460 3301 (ad
483 3216 607 3300 Caium,
632 3218 739 3301 Caio),
762 3219 904 3305 ntynphoz'
925 3215 1040 3301 (Caius
1062 3218 1168 3303 meus)
1184 3218 1269 3285 Mab.
1294 3220 1404 3286 eodem
1424 3221 1519 3286 modo
1542 3221 1576 3286 in
1592 3229 1742 3286 construc-

293 3320 377 3384 tione
399 3319 435 3383 fit
455 3330 550 3405 atque
572 3322 605 3384 in
626 3321 739 3386 mediis
762 3321 813 3386 vel
835 3321 983 3384 extremis
1005 3319 1137 3385 vocibus
1162 3319 1238 3384 buch
1260 3320 1308 3406 (=
1329 3319 1415 3404 buce,
1437 3343 1552 3405 vacca3
1582 3323 1666 3386 achei
1689 3344 1740 3406 pro

217 3415 218 3418 ¹
292 3445 329 3485 uc
349 3421 427 3506 eus),
450 3423 654 3506 artarchoqyou
676 3423 828 3510 (equites,
853 3445 870 3486 e
891 3419 1094 3504 rrzut'ehuuc),
1122 3420 1239 3506 unpheu
1261 3421 1371 3505 (mors,
1395 3447 1435 3488 ex
1457 3423 1581 3507 ancon).
1628 3421 1743 3503 Quodsi

292 3523 440 3588 videntur
462 3525 614 3608 quosdam
637 3525 869 3604 contradicere,
898 3545 959 3587 nec
979 3523 1085 3588 statim
1106 3522 1277 3608 perspicua
1298 3533 1347 3588 est
1369 3547 1468 3591 causa
1488 3525 1683 3606 infectionis,
1713 3534 1742 3588 ut

294 3647 349 3689 cur
372 3625 522 3710 seriptum
545 3625 723 3690 inveniatur
738 3624 900 3689 hibernice
923 3623 1117 3688 ainolu'uuech
1140 3621 1331 3711 (princeps),
1348 3625 1552 3710 Ji'rtltrebuire
1572 3627 1661 3711 (vcra
1674 3649 1742 3714 pru·

293 3726 431 3811 dentis),
461 3727 536 3788 iorni
557 3727 651 3790 chenu
673 3725 775 3810 (circa
797 3725 922 3811 caput),
949 3747 1022 3790 oum
1042 3724 1149 3811 potius
1180 3726 1220 3790 ob
1247 3725 1440 3812 positionem
1461 3727 1585 3813 liquida
1606 3729 1742 3796 effectam

190 3839 193 3846 '
254 3863 258 3870 .
292 3837 476 3913 expectares
492 3829 676 3909 uirmnnech,
692 3827 883 3912 sintreboire,
906 3829 980 3890 imru
995 3850 1085 3907 eenn3
1109 3835 1163 3890 aut
1184 3847 1239 3889 cur
1254 3827 1411 3892 cambrice
1434 3829 1592 3895 scribatur
1607 3831 1743 3895 ardennic

291 3927 470 4014 (princeps3
500 3951 517 3992 e
540 3929 638 3993 subst.
656 3928 770 4013 perere),
800 3937 911 3993 contra
931 3937 1005 4015 post
1027 3928 1160 3992 eandem
1181 3948 1356 3992 consonam
1375 3929 1565 4015 psortltcyrn,
1586 3934 1743 4016 yortteprn

290 4027 437 4113 (magnus
461 4029 622 4111 dominus;
648 4023 870 4114 Guntlupernus
891 4053 922 4094 n.
945 4055 991 4116 pr.
1008 4029 1081 4110 viri3
1106 4029 1238 4094 esubst.
1254 4039 1351 4112 tepeo,
1373 4029 1500 4114 npetu)
1525 4032 1656 4097 solvitur
1670 4055 1740 4097 cou-

289 4129 434 4194 tradictio
457 4129 581 4196 collatis
603 4129 829 4195 vetustissimis
851 4131 960 4196 formis
975 4153 1098 4211 vocum,
1122 4138 1230 4216 utpote
1246 4130 1330 4194 utrubi
1349 4153 1406 4217 pro
1421 4132 1505 4214 tisim,
1529 4135 1591 4215 cri,
1614 4156 1667 4200 uro
1687 4155 1741 4218 pro

291 4232 341 4291 uir
363 4229 409 4314 (p.
430 4233 460 4294 6.
482 4230 532 4314 7),
563 4231 646 4296 unde
668 4230 752 4294 urredi
772 4234 907 4315 peinana
930 4241 961 4295 et
982 4232 1194 4315 crepunnu'cas
1214 4231 1294 4296 fiunt
1314 4232 1405 4294 imme
1425 4232 1535 4314 clusum
1558 4236 1632 4298 imm
1653 4233 1743 4296 chenu

290 4340 322 4394 et
345 4332 537 4395 circhinnech
559 4331 736 4411 hibernum,
767 4340 799 4396 et
821 4335 1017 4416 arepennr'cau
1038 4332 1195 4398 cambrice
1217 4331 1377 4414 artenaio,
1405 4333 1547 4421 urbcnc'p,
1576 4334 1744 4401 secundum

287 4432 428 4517 regulam
442 4434 601 4519 propriam
617 4433 811 4520 singularum
825 4431 1010 4517 linguarum,
1034 4456 1165 4519 quarum
1186 4434 1286 4498 altera
1300 4433 1420 4520 aspirat
1444 4445 1534 4500 extra
1547 4437 1744 4523 positionem,

287 4534 386 4600 altera
407 4535 558 4601 destituit.
595 4536 664 4602 Nec
679 4536 780 4622 magis
796 4534 885 4600 laesa
899 4543 949 4599 est
969 4535 1080 4622 regulo
1100 4535 1320 4630 hibernicam
1342 4536 1519 4622 composito
1543 4537 1607 4604 hib.
1617 4537 1744 4622 fi'rtlua-

288 4635 384 4720 bar're,
408 4637 459 4702 cui
482 4639 690 4723 supponenda
718 4647 767 4702 est
787 4637 885 4702 forma
905 4645 1032 4702 vetusta
1055 4637 1256 4702 cinctrehan'u
1285 4638 1325 4702 ad
1346 4637 1447 4702 instar
1469 4645 1666 4704 vetustorum
1685 4660 1741 4702 no·

285 4739 407 4802 minum
430 4737 681 4819 Cambodunum,
703 4737 908 4803 Virdomurus
931 4737 986 4822 (cf.
1007 4740 1196 4825 pronomina
1216 4739 1403 4826 possessiva
1422 4738 1522 4803 infixa
1543 4763 1582 4821 m,
1605 4749 1743 4806 tortae

286 4861 348 4917 rizo,
370 4841 408 4902 do
436 4861 507 4904 cum
534 4839 706 4905 infectione
734 4839 897 4925 sequentis
925 4861 1098 4906 consonae:
1132 4841 1387 4928 rerrtcduburu'uq,
1409 4840 1642 4927 itnchuirrtm'ugJ,
1671 4850 1744 4905 ante

288 4940 505 5025 captivitatem
527 4965 641 5023 meam,
669 4941 705 5005 in
727 4963 755 5005 c.
775 4965 831 5022 m.,
861 4941 950 5022 Wb,
979 4941 1210 5025 itcbo‘inudeobt,
1238 4943 1273 5007 in
1295 4944 1446 5009 comitatu
1467 4951 1536 5023 tuo,
1568 4942 1653 5029 Sg.);
1683 4965 1745 5007 nec

286 5039 377 5104 aliter
408 5045 522 5108 cumbr.
557 5037 781 5128 Gurtbipernus
810 5043 952 5128 sequitur
984 5044 1089 5130 legem
1118 5047 1309 5112 cambrioam
1336 5044 1579 5131 aspirandarum
1604 5044 1743 5108 tenuium

286 5150 361 5224 post
380 5143 532 5227 liquidam
553 5168 584 5226 r,
613 5145 688 5229 quia
714 5145 806 5210 abest
830 5145 951 5210 vocalis
978 5155 1052 5232 post
1077 5155 1238 5215 vetustam
1264 5145 1399 5213 formam
1427 5167 1477 5210 vo·
1504 5143 1540 5210 in
1561 5145 1742 5212 nominibus
