3678 5650
423 377 484 447 111.
508 381 537 446 1.
573 396 788 448 rsnrrcucsn
810 392 982 446 vassiano
1003 397 1206 474 csnsmosn
1331 385 1472 448 (fictu)
1505 385 1562 452 421
1831 366 1839 393 ¹

97 575 238 654 occupat
259 566 451 649 infinitivus:
475 567 607 654 acbyaca
628 589 724 632 cortic
741 587 782 652 pr
802 568 1026 652 amberorodpr.
1049 567 1167 654 apqtpa
1188 589 1283 634 corno
1303 568 1403 654 laycos
1425 570 1472 654 (et
1493 572 1564 636 dor·
1714 621 1726 658 4
1806 627 1810 642 ,
1828 606 1830 609 -

97 669 180 736 mire
203 667 310 757 coepit
330 668 510 756 imperator,
534 679 566 736 et
585 670 782 758 interrogare
797 668 862 755 0.),
883 669 1044 754 ucbpmryt
1064 670 1259 736 manabant
1277 671 1327 756 (at
1341 693 1466 740 sumere
1488 696 1561 740 coe·
1685 693 1689 698 ’
1777 723 1781 734 .
1810 675 1833 738 .·”

94 771 230 859 parunt)
252 771 339 838 Mab.
357 775 384 856 1,
401 771 430 838 2.
460 769 563 837 cede
581 795 603 858 y
615 773 707 858 fforrt
726 771 920 838 mmmmm
942 769 1090 857 (pergere
1113 770 1166 836 via
1187 771 1305 859 coepi),
1330 773 1479 859 dyacona
1501 799 1563 840 aro-
1822 766 1833 809 ἰ’

94 874 243 940 matham
265 884 358 940 attcw
385 874 656 962 (appropinquavi
678 874 724 958 ei)
748 875 775 955 l,
793 873 822 938 3.
855 894 893 938 ac
912 873 1006 938 atad
1026 895 1176 960 cenapum
1195 893 1261 958 pac
1288 873 1337 958 (ot
1358 878 1561 944 consedimus

95 976 177 1061 ibi),
200 999 237 1042 aa
256 973 391 1063 praolcbi
409 996 561 1064 aucupum
582 977 632 1063 (et
653 976 788 1044 lavimus
810 973 887 1060 nos)
911 977 939 1057 1,
954 975 984 1040 4.
1001 977 1030 1042 5.
1078 974 1157 1042 Alia
1175 975 1334 1054 eiusmodi
1360 977 1444 1046 inter
1464 981 1564 1048 verba

95 1075 263 1146 anomaia'
574 1075 576 1080 ’
1432 1123 1436 1130 ·

181 1163 227 1247 Ιιι
241 1177 439 1267 temporibus
462 1178 670 1248 secundariis.
718 1177 845 1245 Praes.:
880 1200 920 1243 cr
937 1201 1006 1265 poor
1026 1177 1169 1265 mwybcs
1190 1205 1212 1245 c
1230 1185 1321 1268 paret
1340 1181 1397 1268 bop
1423 1206 1466 1248 aa
1488 1207 1563 1250 οιια-

94 1284 248 1370 duatpye
270 1282 324 1347 abi
344 1281 393 1368 (et
415 1282 472 1364 vir,
496 1305 589 1369 quem
612 1303 757 1370 quaeque
780 1303 820 1348 ex
834 1279 882 1348 sis
904 1279 1042 1348 maxime
1063 1282 1197 1365 amabat,
1221 1306 1284 1350 una
1305 1307 1377 1350 cum
1399 1285 1452 1371 aa)
1474 1285 1561 1352 Mab.

97 1384 194 1468 1,36.
216 1385 271 1470 pei
289 1385 384 1450 rodat
404 1385 430 1448 c'
440 1435 448 1452 .
461 1433 469 1450 .
484 1435 491 1450 .
508 1385 555 1448 mi
574 1407 594 1447 a
606 1386 715 1450 rodon
737 1383 782 1468 (si
804 1383 861 1450 des
877 1393 923 1466 tu,
935 1435 943 1452 .
956 1433 964 1450 .
977 1383 1048 1450 dem
1064 1385 1140 1471 ego)
1164 1387 1192 1466 1,
1208 1385 1280 1451 273.
1323 1384 1444 1454 Praet:
1465 1390 1562 1475 qcspn
1650 1455 1664 1480 ,1

93 1509 191 1552 acrae
216 1485 317 1571 kyooa
341 1508 381 1572 pr
407 1488 492 1573 tyna
518 1485 689 1553 cadomi
714 1485 826 1552 arran
851 1487 952 1552 udam
979 1485 1103 1574 (petere
1126 1481 1175 1555 c·
1192 1485 1227 1552 id
1248 1488 1334 1576 qnod
1356 1497 1560 1556 concesserat

93 1590 137 1656 Α.
161 1587 240 1675 sis),
267 1609 307 1651 ar
327 1609 456 1674 trompn
483 1611 504 1652 a
522 1587 696 1675 qproa'rcrcd
712 1609 753 1674 ψ
773 1589 857 1674 tyna
878 1589 1050 1654 aaduwsaet'
1069 1589 1153 1654 idaco
1179 1590 1227 1673 (et
1247 1590 1355 1677 puella
1376 1591 1501 1678 paravit
1525 1579 1559 1658 id'
1784 1619 1804 1646 v

94 1691 184 1778 qnod
204 1690 394 1777 promiserat
416 1689 461 1777 ei)
485 1693 514 1774 1,
529 1691 559 1756 2.
575 1690 647 1756 290.
681 1689 754 1775 esa
776 1689 907 1776 lodpasit
927 1689 1033 1776 moly
1054 1689 1222 1778 cadam
1243 1703 1289 1760 tut
1310 1693 1452 1777 (occisus
1475 1702 1562 1760 esset
1638 1722 1640 1726 ¹
1679 1723 1680 1728 ¹
1813 1692 1839 1724 ³³

94 1801 131 1860 ut
152 1793 281 1860 occisus
304 1801 355 1860 est
376 1801 468 1879 pater
490 1791 569 1874 aius,
593 1791 621 1859 si
643 1791 759 1860 fuisset
773 1793 915 1878 adultus)
939 1796 968 1875 1,
985 1792 1056 1859 235.
1705 1797 1708 1804 “
1779 1817 1780 1824 ¹
1834 1834 1839 1849 .

180 1894 220 1962 Ιιι
242 1893 461 1960 coniunctivo:
490 1896 561 1958 dcto
583 1919 604 1960 a
625 1894 684 1960 tolo
704 1895 743 1958 itt
764 1893 859 1980 (dens
882 1895 987 1962 solvat
1007 1893 1112 1980 cibit),
1133 1897 1203 1962 darc
1226 1921 1247 1962 a
1268 1897 1386 1964 decb
1406 1901 1444 1962 a'tt
1467 1897 1562 1982 (deus
1761 1949 1765 1966 .
1829 1927 1830 1936 ¹

92 1999 209 2065 reddat
228 1995 287 2064 tibi
298 1996 323 2082 1)
344 1993 432 2062 Mab.
450 1999 478 2080 1,
495 1997 566 2062 268.
585 1996 657 2062 275.
690 1995 894 2082 ponentem·
914 2021 934 2062 a
955 2009 1090 2082 cyanoat
1111 1997 1454 2084 auctoramentum
1477 2000 1561 2086 qnod
1636 1983 1638 1990 ’
1700 2043 1708 2052 -
1819 2007 1828 2060 ι

92 2100 257 2168 voluerint
275 2098 344 2182 tibi,
367 2098 507 2164 inimicis
529 2097 690 2165 trademus
711 2098 760 2184 te)
784 2100 812 2182 1,
828 2098 900 2166 252.
1781 2133 1784 2150 ¹
1820 2141 1837 2190 p

180 2201 325 2290 Utraque
339 2199 496 2290 particula
516 2199 656 2267 verbalis
677 2199 868 2288 pronomina
888 2200 972 2268 inter
987 2223 1022 2268 se
1044 2210 1076 2268 et
1090 2202 1258 2290 sequentia
1272 2203 1371 2270 verba
1383 2203 1564 2269 intromittit
1659 2267 1661 2270 ,
1754 2193 1756 2198 ’
1781 2269 1786 2278 ,
1820 2191 1838 2290 ἰῇ,

92 2329 183 2374 more
202 2301 372 2385 communi,
394 2323 491 2389 quare
507 2303 536 2370 ai
550 2310 627 2369 sunt
647 2300 835 2388 pronomina
847 2300 1019 2388 infigenda,
1041 2314 1077 2369 nt
1089 2304 1217 2393 possint
1229 2303 1331 2392 infigi,
1353 2327 1395 2372 ne
1411 2306 1561 2374 coniunc-
1767 2291 1781 2326 ³
1816 2289 1832 2348 'i

91 2407 236 2476 tionibus
264 2404 391 2494 quidem
417 2403 588 2492 primitivis
616 2403 709 2472 cedit
762 2402 920 2491 Exempla
943 2413 1025 2491 part
1046 2403 1095 2472 Y:
1124 2406 1482 2494 petramfracidam
1504 2431 1558 2495 pm

88 2511 200 2598 peleos?
220 2512 235 2575 i
254 2505 318 2592 (Ρ,
339 2505 380 2575 (ir.
401 2479 516 2591 vocari
536 2504 623 2574 Mab.
642 2508 669 2588 1,
685 2507 756 2572 261.
782 2507 936 2593 ynaqelwtt
955 2527 976 2590 p
998 2507 1042 2572 du
1056 2506 1193 2572 trahatur
1213 2508 1368 2592 (vocabar
1388 2510 1480 2596 nigor
1501 2533 1558 2598 op·

90 2611 239 2700 pressor)
264 2614 289 2694 1,
306 2609 378 2675 271.
409 2631 452 2695 ay
473 2607 513 2674 bc
534 2607 585 2672 ter
603 2609 661 2694 pai
677 2607 888 2694 ymtyrrpopt
910 2611 924 2672 ι’
944 2609 1025 2692 (non
1044 2607 1105 2673 fuit
1125 2607 1257 2696 longum
1283 2609 1388 2678 donae
1414 2611 1557 2678 deiectus

93 2712 182 2800 sum)
208 2716 234 2795 1,
256 2713 285 2778 9.
319 2710 391 2776 kam
409 2707 602 2796 ymbyrproyt
625 2709 714 2775 idue
743 2708 905 2796 (quamvis
932 2709 1001 2778 heri
1028 2709 1171 2778 deiectus
1193 2733 1279 2795 snm,
1306 2712 1470 2799 permittas
1500 2737 1558 2800 pu-

91 2836 195 2905 gnare
216 2813 327 2900 hodia)
344 2816 372 2895 1,
389 2811 440 2879 26.
468 2832 527 2896 cup
545 2831 630 2896 concy
651 2812 693 2898 dy
714 2811 826 2897 byoap.
852 2812 907 2898 μὴ
927 2813 1041 2878 aaron
1059 2812 1114 2900 prb
1135 2813 1286 2898 elyrmyoa
1307 2813 1350 2900 (si
1371 2837 1437 2881 non
1457 2816 1557 2884 facies

92 2919 168 3000 hoc,
190 2915 352 2981 tradamus
374 2923 405 2980 te
428 2912 568 2980 inimicis
591 2911 672 2998 tuis)
696 2915 723 2996 1,
746 2914 818 2980 252.
853 2935 894 2999 pr
911 2935 978 2999 pun
996 2913 1051 3002 prb
1071 2913 1170 2980 walari
1189 2914 1308 3001 ypatus
1323 2917 1369 2980 mi
1390 2917 1444 2982 att
1461 2921 1560 3003 pereas

91 3019 151 3105 (ex
173 3041 237 3106 quo
259 3015 325 3082 vidi
347 3023 379 3082 te
401 3015 554 3104 primum,
577 3037 637 3102 ego
660 3025 692 3081 te
712 3014 833 3100 amavi)
858 3017 888 3097 1,
903 3016 975 3084 273.
1024 3015 1183 3103 Exempla
1203 3024 1282 3104 part
1296 3017 1344 3082 A:
1379 3017 1488 3106 atbydt'
1508 3041 1559 3083 ant

87 3121 191 3210 pauely
211 3124 226 3184 ι’
245 3119 294 3204 (et
314 3125 350 3184 tu
371 3117 501 3185 videbis
516 3115 585 3203 me)
607 3114 696 3185 Mab.
715 3119 808 3200 1,14.
842 3115 917 3205 corp
937 3129 1020 3204 ropac
1039 3142 1061 3183 a
1075 3117 1265 3204 dyqpforoat
1285 3141 1338 3185 am
1358 3120 1400 3205 dy
1420 3141 1501 3206 pena
1522 3143 1560 3185 oc

89 3223 147 3288 aa
173 3221 283 3286 adam
308 3219 396 3305 (cras
418 3226 550 3306 surgent
576 3217 611 3283 in
632 3225 664 3284 te
687 3226 772 3285 otte
793 3217 1001 3304 interficient)
1029 3222 1057 3301 1,
1077 3219 1149 3284 264.
1181 3221 1235 3306 pei
1260 3219 1415 3286 cicccc
1437 3221 1462 3284 a·
1485 3243 1557 3307 pao.
1625 3217 1626 3220 '
1731 3225 1733 3236 '
1824 3211 1829 3232 ¹

91 3335 150 3411 ayt
172 3322 229 3387 ced
246 3323 285 3386 ct
306 3319 360 3388 aa
380 3321 490 3385 onem
506 3342 550 3407 yn
571 3343 637 3406 cyra
658 3320 834 3406 drurbeapn
855 3319 901 3406 (ai
915 3320 1139 3387 interficereris
1153 3319 1209 3404 ibi,
1231 3343 1298 3387 non
1313 3331 1401 3388 esset
1413 3321 1482 3404 tibi,
1505 3322 1559 3408 qui
1808 3349 1831 3408 li?

89 3437 126 3493 te
150 3425 258 3492 vivum
281 3422 430 3488 redderet
450 3421 581 3507 iterum)
608 3425 635 3503 1,
650 3421 724 3488 273.
752 3443 826 3508 pocy
847 3445 868 3485 u
886 3443 1043 3508 ppmeraon
1061 3445 1165 3509 panea
1183 3445 1228 3508 yn
1249 3445 1295 3488 ror
1311 3425 1366 3509 pei
1385 3423 1439 3486 ctb
1456 3446 1560 3510 qpms·
1693 3427 1694 3430 ’
1761 3425 1763 3430 ’

93 3551 165 3592 nm
185 3526 295 3612 (quem
317 3545 475 3592 sumerem
497 3544 557 3609 ego
580 3521 691 3606 virum,
714 3522 744 3588 si
764 3532 796 3589 ts
813 3521 1004 3608 sumerent)
1022 3527 1048 3607 1,
1065 3525 1136 3590 276.
1163 3527 1210 3589 mi
1228 3546 1265 3589 aa
1284 3513 1389 3590 toras
1409 3525 1486 3611 (ego
1507 3547 1561 3592 oc·
1761 3527 1768 3554 ‘
1814 3507 1834 3580 b

91 3629 161 3697 cidi
177 3629 266 3714 eum)
284 3629 310 3708 1,
328 3627 399 3692 244.
430 3626 457 3691 a·
476 3623 578 3690 nullut
593 3625 739 3712 dycedut
760 3625 833 3690 acci
850 3623 1008 3711 appareret
1025 3627 1079 3710 pai
1097 3648 1133 3692 ns
1153 3626 1282 3712 myrrhas
1303 3628 1353 3710 (tn
1375 3645 1489 3714 posses
1512 3627 1559 3693 di-

90 3753 168 3800 cere
191 3727 277 3817 qnod
299 3734 387 3794 esset
406 3725 533 3808 laetius,
556 3725 585 3790 si
607 3725 641 3792 id
665 3725 833 3812 velles)'l,
848 3727 920 3793 259.

179 3829 217 3901 si
238 3827 435 3918 praecedunt
454 3827 630 3916 particulae
652 3827 821 3915 negativae
843 3825 896 3894 vel
909 3826 1154 3894 coniunctiones
1169 3827 1357 3914 primitivae,
1380 3827 1467 3895 cedit
1487 3851 1559 3915 par-
1662 3907 1663 3910 Ἴ
1770 3913 1772 3918 ,
1808 3801 1836 3914 fi}

90 3933 195 4002 cicula
215 3929 355 3999 verbalis
377 3929 537 3998 cambrioa
558 3940 692 4016 ubsque
714 3930 869 4018 positiva:
908 3940 964 4014 ayt
990 3930 1033 4013 cf
1051 3950 1074 4014 y
1093 3929 1205 4015 wrtlryt
1225 3929 1306 4016 kyap
1327 3929 1475 4016 merops
1495 3932 1560 3995 dim

89 4059 127 4103 oc
151 4035 308 4121 adpwedy.
335 4053 399 4118 puy
420 4031 561 4120 cyproys
575 4031 711 4118 audags
733 4055 760 4097 a
773 4031 862 4096 norb
880 4030 967 4116 procla
992 4030 1073 4116 (non
1095 4031 1148 4098 ibo
1176 4041 1249 4097 ate
1271 4031 1348 4117 quin
1368 4031 1483 4096 faciam
1505 4031 1562 4097 ali-
1686 4067 1690 4074 ·
1768 4017 1770 4026 ⁴

89 4137 172 4228 quid
194 4136 235 4203 de
256 4158 294 4202 eo
316 4131 402 4223 quod
424 4133 523 4214 diois,
552 4133 655 4200 donec
677 4133 791 4216 sciam,
818 4131 982 4220 possimne
1015 4131 1101 4219 quod
1122 4131 1211 4198 iuvat
1231 4132 1306 4218 vos)
1336 4131 1423 4199 Mab.
1443 4137 1469 4216 1,
1486 4134 1558 4199 253.
1740 4189 1744 4202 .
1782 4123 1838 4212 'ci-13¹

91 4265 135 4329 ay
161 4239 267 4324 obelus
283 4237 364 4320 (non
379 4233 507 4320 celabo)
525 4239 552 4317 1,
568 4235 640 4300 276.
669 4255 711 4319 ay
731 4233 834 4298 ωσίαἰι
856 4235 968 4320 etrpoet
989 4233 1070 4319 (non
1086 4232 1167 4300 vidit
1187 4233 1352 4320 nuquam),
1373 4256 1416 4320 ny
1436 4234 1562 4300 ruebant
1669 4311 1672 4317 Δ
1760 4223 1762 4228 ’
1815 4207 1838 4324 {i

91 4343 162 4406 dim
184 4341 265 4427 (non
285 4339 434 4406 viderunt
455 4336 656 4426 quidquam),
678 4334 791 4400 adibeo
813 4335 870 4399 ced
887 4357 952 4422 pua
973 4335 1076 4400 mosia
1104 4357 1148 4400 aa
1167 4335 1269 4402 welca
1287 4337 1400 4422 aitpoet
1420 4334 1468 4421 (et
1488 4357 1561 4420 per·
1646 4379 1653 4390 ·
1721 4349 1724 4358 '
1810 4343 1825 4376 “¹

91 4463 227 4510 suasum
252 4449 320 4508 erat
337 4439 387 4523 0.,
411 4462 447 4508 se
468 4462 534 4507 non
554 4437 677 4506 vidisse
698 4437 854 4522 unquam)
872 4439 900 4518 1,
917 4437 967 4501 15.
990 4457 1076 4522 pocy
1095 4436 1200 4523 roydat
1216 4437 1242 4501 a·
1261 4435 1384 4520 (annon
1399 4433 1561 4520 sciebasi)
1616 4461 1618 4468 ·
1809 4497 1838 4528 Ἠ,

97 4551 123 4627 1,
146 4545 177 4610 9.
215 4541 276 4607 lton
300 4542 441 4630 propriora
467 4542 585 4629 ydoat
606 4543 702 4626 tipm
727 4538 853 4603 kerbsaw
881 4535 970 4622 (nam
998 4538 1137 4606 sciebam
1164 4545 1197 4604 te
1218 4547 1385 4604 venturum
1412 4559 1485 4604 osse
1511 4560 1563 4605 me
1690 4613 1700 4622 ,

92 4643 292 4732 quaesitum)
310 4646 338 4728 1,
354 4643 405 4709 25.
432 4645 484 4732 pei
502 4643 596 4707 rodat
619 4643 662 4706 ti.
676 4643 762 4706 ..roi
782 4663 802 4704 a
822 4639 931 4705 codron
954 4638 1048 4725 (situ
1070 4638 1339 4722 dares‚..darem
1353 4641 1429 4726 ego)
1446 4643 1473 4721 1,
1490 4640 1561 4704 273.
1780 4635 1782 4642 ’
1814 4645 1835 4666 ”

91 4749 148 4834 psi
167 4743 543 4834 tuffam...ppwydroa
565 4741 610 4826 (si
633 4740 1001 4825 sumerem..scirem),
1027 4743 1081 4827 pei
1098 4741 1358 4829 qeoyptoa...mt'
1377 4765 1398 4806 a
1417 4731 1562 4827 pmdida·

93 4871 169 4912 arca
190 4845 235 4930 (si
258 4847 381 4929 scirem,
404 4844 579 4931 narrarem)
597 4847 625 4927 1,
642 4845 713 4910 247.
729 4843 801 4908 260.
828 4864 894 4929 poa
913 4843 1050 4929 persepoli
1071 4842 1108 4908 di
1126 4843 1201 4928 opat
1219 4841 1281 4908 kent
1296 4844 1393 4928 parth
1415 4865 1454 4906 αι·
1473 4843 1564 4908 indt'a

94 4947 140 5032 (si
165 4967 300 5032 quaeras
321 4955 357 5012 tu
377 4969 439 5030 me,
462 4946 607 5035 quaerito
629 4944 670 5011 ad
690 4942 815 5010 Indiam
836 4943 965 5028 versus)
989 4946 1017 5027 1,
1033 4943 1106 5010 279.
1134 4945 1239 5030 aptus
1260 4941 1474 5028 bumbwytlont
1494 4943 1563 5030 bruy
1625 4933 1627 4940 i

90 5073 113 5138 y
135 5047 253 5114 ᾱιιιαιιι
272 5049 326 5136 ytt
344 5048 463 5136 pyrata
486 5048 521 5112 di
545 5047 594 5132 (et
615 5068 688 5113 cum
710 5045 928 5114 consuluerint
948 5044 1012 5128 illi,
1034 5044 1166 5112 veniant
1185 5054 1217 5111 te
1240 5043 1435 5130 quaesitum)
1465 5046 1493 5128 1,
1510 5045 1560 5110 14.
1689 5125 1690 5128 ¹
1811 5067 1838 5128 p:

93 5151 204 5240 aptat
225 5150 316 5216 welca
338 5150 378 5236 ef.
414 5149 519 5237 aplum
540 5147 725 5236 edrpobcwd
751 5147 891 5233 (etcum
912 5145 1009 5234 vidit)
1036 5149 1062 5230 1,
1085 5148 1133 5212 11.
1158 5146 1206 5214 13.
1240 5145 1296 5212 ati
1314 5169 1380 5212 aaa
1402 5147 1490 5213 meio
1510 5157 1562 5212 tra
1659 5143 1839 5234 ,ἕω

1621 5501 1634 5609 ··3
