3678 5650
478 350 522 416 11.
545 353 575 416 4.
610 369 710 416 rrov.
734 369 969 421 nmrmmouu
992 367 1197 418 eumrrvom.
1397 355 1469 418 (3⁹⁷)
1505 351 1567 418 393

96 545 125 620 1,
154 543 207 623 24,
224 545 254 606 6.
283 540 408 606 estaaell
428 538 560 622 ebmya
582 560 615 600 er
636 537 694 602 ton
715 537 767 600 ebo
789 561 825 600 sn
846 539 932 603 lesos
954 541 1033 624 eodp
1055 539 1224 624 (oonolave
1245 540 1341 626 regis,
1362 539 1396 603 in
1412 562 1473 624 quo
1496 541 1567 606 dor-

94 645 171 723 mit3
195 643 288 708 dillot
310 663 418 722 maso,
439 641 565 724 pslssell
583 641 674 719 lem.;
696 639 902 706 adverbum:
926 641 1026 707 vestis
1047 641 1177 726 reginae
1200 664 1248 723 ea,
1270 642 1500 726 paenitentiam
1520 645 1566 708 fe-

93 745 179 810 eerit
201 745 234 808 in
259 767 309 824 ea;
340 743 491 810 oonelave
513 741 598 826 regis
620 741 662 822 id,
687 741 781 806 firerit
802 743 960 809 dormiens
983 745 1016 808 in
1038 744 1093 828 eo)
1118 744 1145 824 1,
1170 745 1218 824 11,
1235 745 1265 807 4.
1314 742 1465 811 Genetivi
1495 745 1566 812 looo

93 871 112 912 0
138 845 341 912 substantivo
364 843 547 930 pendentis:
581 867 620 907 αν
637 868 705 930 pror·
724 867 747 930 p
768 843 853 908 tuost
874 845 1022 928 nes’tlzropr·
1046 867 1110 929 pay
1139 857 1170 928 tp
1192 844 1279 928 (oum
1301 846 1386 926 viro,
1414 847 1448 910 in
1475 848 1566 914 euius

94 950 192 1013 domo
214 947 303 1013 fuisti
325 945 495 1032 praeterita
516 955 625 1026 noete3
655 948 696 1012 ad
716 948 861 1014 verbum:
891 961 962 1010 eum
985 946 1062 1028 viro,
1085 945 1174 1012 fuisti
1197 946 1230 1012 iu
1253 947 1346 1012 domo
1369 947 1454 1031 eius)
1476 948 1565 1016 Mab.

96 1055 124 1130 l,
143 1050 217 1113 247.
248 1069 289 1133 pr
309 1048 393 1132 tynn
413 1046 518 1131 ydwyt
536 1069 600 1132 puy
619 1048 747 1134 90030000
774 1047 824 1132 (id
845 1047 878 1112 in
901 1047 992 1114 ouius
1016 1048 1203 1135 quaestione
1226 1069 1272 1129 es,
1301 1047 1334 1112 id
1355 1050 1442 1133 quod
1463 1072 1561 1136 quae-

91 1151 156 1234 ris)
182 1151 211 1230 1,
223 1153 252 1213 5.

182 1248 296 1316 Corn:
320 1247 338 1310 1
356 1263 427 1330 3eso
449 1272 491 1312 00
512 1270 610 1333 osopo
629 1270 724 1336 passe
740 1250 832 1334 paras
852 1269 904 1314 ens
922 1267 963 1336 5)
977 1252 1115 1335 6060300
1141 1249 1225 1334 (erat
1239 1251 1351 1316 mulier
1373 1275 1444 1318 eum
1458 1252 1500 1318 iis
1524 1253 1565 1319 ad

92 1351 187 1416 ouius
211 1349 447 1432 accusationem
468 1349 571 1434 pareti
594 1349 700 1434 erant)
721 1348 759 1414 Ρ.
774 1349 825 1432 33,
842 1352 870 1415 2.

183 1452 310 1516 Arem.:
344 1473 386 1516 00
412 1471 583 1514 0000000000
609 1449 664 1514 toz
686 1449 743 1515 toa
761 1453 922 1536 psalenaet
942 1463 1068 1540 epaetou
1094 1451 1195 1536 (ferse
1221 1475 1356 1538 querum
1383 1477 1481 1520 oause
1507 1478 1564 1542 po-

91 1551 290 1641 posceratis)
312 1549 461 1632 Reuss,
479 1552 506 1615 1.
523 1550 552 1615 2.
581 1562 674 1634 petra
694 1573 786 1616 sesses
806 1573 838 1616 so
860 1553 1020 1618 loorsezet
1041 1577 1083 1616 00
1102 1554 1240 1639 palsesde
1259 1566 1330 1637 quet
1351 1568 1475 1642 spuetoa
1496 1579 1564 1621 sor·
1607 1565 1612 1574 '

92 1677 166 1719 mon
189 1652 284 1739 (quid
305 1652 382 1718 novi
406 1651 533 1732 assidit
557 1673 655 1737 quare
676 1675 741 1717 non
762 1674 879 1738 posses
902 1654 1106 1720 sermocinari
1114 1653 1144 1737 i)
1168 1655 1326 1734 74,1-3.

177 1754 340 1820 Interdum
354 1752 551 1841 pronominis
567 1753 807 1819 demonstrativi
820 1754 892 1821 loeo
908 1755 1121 1840 praemittitur
1142 1754 1299 1819 infinitum
1314 1755 1404 1822 NEP
1420 1759 1562 1845 (aliquis,

89 1858 157 1923 hib.
176 1857 283 1942 mot),
306 1856 463 1923 sambrioe
486 1877 612 1941 semper
634 1857 846 1940 praecedente
869 1857 1018 1938 articulo,
1048 1858 1176 1926 oomioe
1199 1867 1232 1923 et
1252 1858 1427 1924 aremorioe
1450 1862 1562 1942 solum,

91 1962 163 2025 sive
187 1957 378 2024 affimativa
399 1966 449 2024 est
471 1957 630 2024 sententia
651 1957 720 2024 sive
742 1959 900 2046 negativa

177 2057 325 2126 Cambr.:
358 2081 437 2144 erp
459 2081 516 2144 sep
538 2080 573 2145 sp
596 2059 711 2144 Kemrp
733 2061 851 2148 aleeroy
877 2062 932 2128 lssb
958 2085 995 2127 su
1017 2063 1102 2128 kodu
1124 2059 1332 2146 ekefrsptlrpeu
1360 2060 1473 2149 (super
1492 2085 1562 2130 eum

90 2166 123 2228 in
147 2161 298 2228 Cambris
321 2160 375 2247 qui
398 2155 545 2224 vitiasset
567 2161 637 2226 sine
659 2183 766 2226 earum
788 2164 970 2229 servatione
992 2163 1097 2250 leges)
1119 2162 1198 2248 Leg.
1221 2163 1319 2248 prael.
1354 2187 1392 2228 αν
1413 2165 1469 2228 nob
1491 2172 1564 2233 ausi

90 2265 227 2347 dreokof
243 2263 372 2327 alanum
394 2260 443 2345 (et
464 2261 492 2326 is
515 2262 569 2346 qui
590 2260 782 2330 fortissimus
805 2273 893 2330 esset
914 2289 932 2330 e
954 2267 1063 2349 nobis)
1086 2264 1172 2331 Mat.
1198 2267 1225 2346 l,
1241 2267 1314 2330 277.
1343 2289 1384 2352 pr
1404 2266 1464 2332 neb
1484 2271 1562 2353 adp-

91 2367 152 2452 lyes'
172 2376 263 2450 'opust
283 2386 324 2448 pr
344 2363 448 2426 netad
468 2362 514 2447 (ei
536 2364 591 2449 qui
614 2365 750 2432 debebat
771 2368 818 2432 ire
840 2367 880 2431 ad
896 2369 1017 2453 aulam)
1043 2370 1114 2449 1,1.
1144 2366 1291 2430 10003000
1312 2390 1353 2452 pr
1374 2368 1430 2432 neb
1448 2392 1470 2456 p
1485 2373 1565 2436 delei

88 2470 212 2534 6000000
234 2478 329 2532 attam
348 2487 413 2550 pop
434 2465 533 2530 60100.
557 2466 623 2530 llod
645 2491 668 2553 p
690 2467 767 2532 beron
788 2492 825 2534 oe
846 2471 919 2533 rodi
942 2493 982 2555 pr
1004 2470 1060 2534 neb
1078 2470 1224 2556 ympnlei
1248 2468 1445 2556 (permittere
1468 2473 1497 2538 ei
1520 2477 1561 2540 ad

88 2593 184 2656 quem
209 2569 352 2634 venisset
372 2567 443 2650 ille,
467 2589 595 2650 servus,
618 2569 744 2635 ineius
767 2571 983 2654 venationem,
1006 2581 1042 2636 ut
1064 2571 1246 2638 abscideret
1267 2573 1336 2639 eius
1359 2585 1455 2660 eaput
1476 2584 1508 2640 et
1529 2577 1562 2642 id

91 2672 183 2737 daret
207 2669 258 2736 oui
279 2670 391 2754 vellet)
415 2673 444 2751 2,
461 2672 488 2732 7.

176 2770 292 2839 Corn:
315 2771 371 2834 006
392 2796 413 2834 o
432 2793 493 2857 par
515 2771 557 2833 du
579 2770 624 2855 (is
647 2773 703 2858 qui
726 2782 811 2840 amat
833 2775 940 2861 deum)
961 2776 999 2841 P.
1016 2777 1067 2858 24,
1086 2779 1112 2839 1.
1141 2775 1198 2839 neb
1220 2801 1239 2840 0
1254 2778 1405 2864 03070093
1428 2779 1495 2863 why
1516 2779 1561 2863 (is

91 2897 189 2961 quem
211 2872 365 2958 quaeritis
386 2872 461 2957 vos)
483 2873 533 2954 68,
550 2873 579 2938 2.
603 2873 670 2957 (69,
687 2875 733 2959 2.)
767 2875 823 2942 osb
844 2903 886 2942 aa
905 2877 972 2963 plly
991 2877 1059 2963 pull
1074 2877 1195 2963 peplss,
1217 2878 1324 2963 9s3pll
1340 2880 1420 2964 pepli
1442 2879 1497 2943 neb
1519 2907 1562 2947 oo

89 2977 157 3061 pllp
179 2975 252 3061 (qui
274 2983 439 3061 peceatum
461 2973 566 3040 faeere
586 2999 652 3040 non
674 2979 813 3064 poteret)
836 2980 865 3060 3,
881 2980 911 3043 4.
935 2980 985 3060 20,
1001 2980 1031 3043 4.
1054 2977 1110 3040 osb
1131 3002 1173 3042 00
1194 2980 1313 3064 mtptto
1332 3001 1423 3066 prens
1437 2983 1562 3067 senape
1649 2965 1652 2972 ’

93 3079 165 3163 (qni
187 3100 254 3143 non
275 3076 374 3156 flabit,
396 3075 493 3141 faeito
515 3085 550 3141 ut
570 3078 718 3164 ventilet)
740 3079 782 3148 D.
802 3083 891 3147 1243.
940 3079 1049 3144 Etiam
1071 3088 1145 3164 post
1167 3079 1380 3144 substantivo:
1414 3083 1483 3144 thes
1505 3083 1561 3146 006

88 3202 176 3264 apua
200 3201 315 3264 perteus
341 3177 464 3261 (Iesum
492 3177 546 3262 qui
568 3201 627 3244 nos
650 3180 799 3265 redemit)
827 3181 864 3246 P.
886 3185 915 3264 5,
937 3184 967 3245 4.
1007 3181 1057 3244 bos
1084 3179 1156 3244 mab
1181 3182 1224 3244 du
1246 3181 1302 3245 006
1323 3204 1340 3245 0
1362 3184 1442 3268 le3ys
1468 3184 1558 3268 (esse

88 3281 193 3344 filium
222 3279 274 3346 dei
302 3278 356 3364 qui
378 3279 505 3344 oooisus
527 3280 609 3364 eret)
637 3281 708 3361 210,
732 3283 766 3361 43
795 3283 847 3349 vel
874 3282 1077 3369 pronomina:
1109 3283 1232 3345 <leemas
1256 3305 1306 3368 pro
1332 3285 1382 3364 ef.
1398 3333 1404 3348 .
1419 3333 1426 3347 .
1444 3283 1499 3347 neb
1526 3306 1560 3348 νο

90 3393 206 3464 0000300
237 3379 303 3463 (vir
324 3379 462 3465 optimus
485 3389 536 3445 est
557 3379 611 3446 ille
633 3403 729 3466 quem
749 3383 897 3468 vendidi)
930 3383 998 3464 103,
1019 3384 1050 3446 4.
1080 3403 1132 3468 rys
1156 3405 1178 3468 p
1200 3383 1267 3465 7030
1288 3395 1427 3470 ntpptern
1454 3385 1511 3450 006
1539 3409 1559 3450 0

87 3482 244 3546 omno-ello
266 3479 416 3564 (neeesse
439 3490 489 3548 est
510 3505 581 3548 eum
603 3483 717 3564 oooidi,
741 3484 797 3569 qui
819 3505 854 3549 se
876 3484 946 3570 ipse
968 3507 1075 3569 regem
1091 3483 1216 3567 feeerit)
1239 3485 1308 3566 121,
1324 3485 1354 3548 4.

174 3583 298 3648 Aremz
323 3586 400 3666 pios
420 3606 488 3648 osso
509 3606 566 3668 nep
588 3585 626 3648 60
648 3585 758 3652 troisse
780 3584 868 3670 (quis
884 3585 945 3651 erit
965 3585 1020 3670 qui
1034 3607 1093 3650 vos
1108 3584 1257 3670 prodeti)
1271 3583 1339 3650 Md.
1357 3586 1397 3651 59
1405 3588 1435 3652 b.
1464 3607 1559 3672 nepe

82 3705 146 3768 pep
166 3707 265 3770 pays.
282 3707 365 3751 ..no
383 3686 451 3768 pras
473 3695 542 3769 quet
565 3684 635 3772 (qui
656 3708 856 3771 nequaquam
878 3685 983 3771 emat)
1007 3686 1083 3750 120.
1111 3687 1175 3750 dos
1193 3685 1267 3771 pohl
1287 3687 1456 3774 millspaet.
1472 3737 1498 3751 ..
1515 3690 1556 3754 60

85 3807 209 3869 nep...
228 3807 266 3849 00
294 3807 350 3848 cor·
376 3798 447 3869 quet
478 3786 612 3873 (populo
643 3785 811 3852 maledieto
839 3797 872 3851 et
899 3787 953 3873 qui
980 3809 1045 3852 non
1072 3795 1157 3852 emet
1184 3787 1257 3870 vos)
1286 3790 1363 3855 221).
1396 3811 1443 3852 me
1467 3791 1557 3874 sorplp

85 3885 143 3949 doe
164 3907 221 3970 nep
244 3909 296 3950 am
318 3909 443 3950 orooeos
471 3885 642 3974 (supplies
670 3888 730 3954 deo
753 3887 807 3972 qui
828 3911 880 3954 me
902 3888 1044 3973 creavit)
1073 3888 1154 3954 Buh.
1181 3889 1250 3970 106,
1275 3891 1323 3953 17.
1357 3890 1476 3974 pelteny
1498 3914 1557 3976 oep

89 3986 154 4050 vid.
177 3988 269 4053 infra.

172 4087 333 4155 Gornieae
361 4111 431 4154 eum
454 4089 646 4156 aremoricae
668 4091 844 4156 eommunis
866 4101 916 4156 est
935 4091 1092 4178 partioula
1113 4091 1182 4158 MA
1204 4089 1302 4176 (may,
1324 4089 1407 4175 mar)
1429 4092 1556 4158 relatio-

83 4213 159 4255 nem
182 4191 344 4276 obliquam
368 4191 564 4276 signifieeus,
588 4191 628 4256 de
649 4214 713 4277 qua
733 4189 816 4257 inire
837 4191 949 4277 a'getur
970 4192 1053 4258 inter
1075 4191 1327 4258 coniunctiones.

170 4291 407 4358 Aremorica
427 4291 496 4358 sols
516 4292 550 4357 in
571 4292 696 4358 relativi
718 4315 810 4359 usum
831 4294 989 4359 convertit
1007 4316 1182 4380 pronomen
1211 4293 1555 4378 interrogativum

84 4392 223 4479 simplex
236 4414 287 4478 pe,
312 4393 352 4458 de
374 4393 466 4459 euius
490 4395 727 4460 construetione
749 4395 832 4459 infra
853 4405 1043 4481 exponetur,
1074 4395 1253 4482 praemisso
1279 4394 1331 4460 vel
1354 4394 1555 4461 substantivo

84 4493 137 4557 vel
159 4495 362 4579 pronomine:
387 4497 462 4560 drsn
477 4517 565 4564 moro
585 4519 623 4582 pe
643 4506 722 4580 pont
742 4517 773 4558 ez
788 4517 914 4559 mareas
936 4496 1009 4582 (per
1024 4505 1155 4563 mortem
1172 4519 1235 4584 qua
1250 4505 1391 4562 mortuus
1407 4497 1471 4581 est)
1485 4496 1554 4563 MJ.

84 4595 160 4658 642.
169 4595 200 4660 b.
227 4619 268 4660 aa
284 4615 374 4660 neore
387 4647 394 4660 .
408 4645 415 4660 .
429 4647 435 4658 .
446 4619 487 4681 pe
501 4599 556 4662 dre
569 4599 631 4662 edit
645 4620 676 4661 ss
691 4617 728 4659 eu
743 4597 789 4659 dit
802 4607 849 4659 ret
863 4617 878 4658 0
889 4597 1017 4682 ponzoff
1027 4596 1137 4681 (mors,
1160 4598 1251 4664 euius
1267 4597 1377 4683 passio
1396 4621 1455 4684 per
1469 4599 1555 4664 edie-

84 4701 154 4758 tum
176 4697 305 4762 esttibi
327 4698 526 4782 necessaria)
548 4698 628 4762 671).
657 4693 766 4760 tonse
786 4719 825 4783 pe
848 4699 890 4761 do
911 4719 942 4760 er
964 4720 1000 4761 eo
1023 4701 1088 4780 afet
1109 4699 1199 4764 Issos
1219 4701 1263 4785 (is
1279 4724 1371 4787 quem
1393 4702 1554 4768 osculatus

86 4803 137 4858 est
152 4795 264 4880 Iudas;
288 4798 354 4878 afst
375 4820 448 4864 eum
468 4821 578 4884 praep.
594 4798 651 4883 do)
668 4800 745 4865 701).
774 4822 832 4884 sep
845 4823 882 4884 pe
898 4797 939 4861 da
955 4821 986 4862 or
1003 4801 1069 4884 rolf
1081 4823 1148 4864 mo.
1163 4850 1190 4865 ..
1208 4803 1342 4867 arr-bara
1355 4804 1490 4890 ploitpst
1510 4804 1554 4888 (is

88 4897 143 4960 cui
170 4897 251 4965 dabo
275 4921 334 4984 ego
357 4919 474 4986 panem
495 4900 724 4987 humectatum)
747 4903 822 4967 600.
857 4903 898 4965 da
925 4923 983 4987 nep
1004 4925 1046 4986 pe
1069 4914 1145 4988 pont
1172 4925 1204 4966 ez
1231 4905 1471 4969 0003000100αό
1496 4907 1555 4970 den

83 5008 213 5082 traysset
234 5000 280 5084 (ei
306 5023 364 5086 per
385 5023 478 5086 quem
501 5003 627 5068 auditur
647 5003 746 5068 filium
769 5003 906 5069 hominis
928 5025 1002 5068 esse
1022 5003 1195 5088 proditum)
1217 5006 1292 5070 580.
1335 5005 1449 5071 Eidem
1469 5007 1555 5074 haud

81 5119 156 5162 raro
178 5099 304 5167 additur
324 5102 403 5186 hesy
430 5102 485 5186 (de
508 5125 570 5190 quo
592 5105 631 5169 ef.
654 5103 738 5170 inira
759 5103 821 5190 D):
853 5107 895 5169 do
916 5105 972 5168 doe
993 5127 1035 5170 00
1058 5116 1102 5169 tot
1116 5129 1159 5192 ps
1180 5105 1257 5192 lersy
1279 5129 1299 5170 0
1320 5106 1453 5190 differret
1478 5109 1553 5194 (deo
