3684 5648
446 389 472 454 I.
500 372 536 453 1(
559 406 738 456 consonae
760 407 924 454 cremeas
947 405 1143 453 xsrrnxrns.
1357 393 1409 455 (sa.
1426 395 1471 456 ao)
1500 395 1519 457 7

157 577 286 644 Incerta
308 583 383 643 sunt
403 596 485 663 quae
506 576 693 661 gallicarum
714 575 924 663 aspiraturum
946 585 1072 660 praeter
1089 573 1280 660 sexempla
1300 576 1385 662 apud
1408 577 1541 664 scripto-

83 701 128 743 res
148 679 363 745 inveniuntur.
406 678 489 742 Nam
516 676 560 759 Θ,
584 677 646 742 ΤΗ
667 677 750 742 falsa
771 685 821 742 est
843 676 913 741 sine
935 675 1032 740 dubio
1059 677 1092 742 in
1114 676 1166 742 his
1194 679 1392 744 nominibus:
1421 679 1542 740 narra-

82 775 183 854 rrluoe
203 783 287 864 (dux
314 779 496 862 Gallorum)
520 801 570 864 ap.
592 778 795 844 Athenaeum
818 779 847 859 6,
871 779 905 858 b,
933 777 1017 842 idem
1039 779 1071 843 in
1095 780 1231 844 diversis
1254 780 1419 845 codicibus
1442 780 1543 866 scrip-

81 893 140 945 tum
160 875 356 956 Βατάνατος
378 891 411 946 et
429 876 639 960 Ἀθανάιιος,
663 880 838 944 secundum
860 901 976 943 nomen
991 881 1102 966 populi
1125 882 1285 944 Adunutcs
1306 883 1339 945 in
1360 889 1422 946 ret.
1445 881 1541 947 inscr.

82 1007 125 1068 ap.
141 981 240 1048 Orell.
257 985 319 1048 626
341 982 458 1048 rectius
482 981 542 1046 erit
563 981 751 1045 Adcnutius.
775 979 983 1062 Ambautai,
1006 1004 1123 1046 nomen
1138 982 1197 1046 viri
1213 983 1246 1046 in
1262 984 1358 1048 inser.
1375 1007 1425 1070 ap.
1442 982 1541 1049 Orell.

82 1085 165 1164 7774,
188 1093 240 1149 est
261 1085 345 1148 idem
369 1084 453 1170 quod
475 1083 509 1146 in
532 1081 595 1146 alia
616 1083 750 1167 quadam
775 1105 825 1169 ap.
844 1082 944 1149 Stein.
967 1083 1028 1146 877
1052 1082 1169 1146 rectius
1193 1085 1342 1148 scribitur
1364 1084 1541 1164 Amboctus,

80 1187 175 1270 ipsum
193 1208 320 1272 quoque
336 1207 454 1249 nomen
470 1183 531 1248 viri
547 1181 602 1267 (cf.
618 1181 753 1247 nrnbucti
771 1181 943 1249 Gallorum
965 1205 1015 1269 ap.
1032 1181 1152 1266 Caes).
1189 1181 1360 1270 Inscriptio
1376 1205 1426 1270 ap.
1443 1184 1541 1250 Orell.

82 1286 171 1350 3582:
201 1286 410 1352 Virdomluus
432 1284 462 1348 Τ
461 1284 616 1350 hartontis
638 1283 659 1346 f.
683 1284 777 1348 domo
798 1283 941 1363 Biturix,
971 1283 1082 1348 eadem
1106 1306 1187 1369 quae
1215 1309 1265 1372 ap.
1288 1285 1440 1350 Moratur.
1464 1285 1541 1365 8703

82 1396 293 1453 verumtamen
315 1389 367 1454 hic
382 1389 499 1474 legitur
514 1383 681 1450 Trarontis
703 1407 761 1471 pro
777 1384 971 1450 Thartontis.
1000 1385 1180 1450 Riotbimus
1202 1386 1383 1470 (Britonum
1397 1387 1468 1470 rex)
1491 1409 1542 1471 ap.

82 1489 265 1556 lomandem
294 1513 322 1554 c.
344 1493 385 1553 45
416 1489 502 1553 idem
523 1497 573 1552 est
594 1487 678 1573 quod
700 1485 876 1564 Riotimus,
906 1487 955 1550 vel
985 1488 1091 1571 potius
1113 1487 1280 1552 Riotamus
1309 1488 1413 1571 (nom.
1435 1509 1541 1575 propr.

82 1593 135 1655 riri
156 1593 274 1656 cambr.
299 1600 359 1656 ret.
381 1591 521 1669 Riatarn,
545 1587 665 1671 Riataf
678 1586 750 1652 Lib.
773 1587 874 1652 Laud.
901 1587 970 1650 176.
997 1590 1064 1668 177,
1090 1599 1122 1652 ut
1144 1611 1238 1654 arem.
1264 1588 1411 1654 martam
1433 1613 1450 1656 e
1473 1589 1542 1654 cod.

82 1691 110 1759 S.
142 1693 274 1758 vedast.
297 1715 348 1778 ap.
371 1690 411 1756 D.
434 1688 516 1754 Mor.
539 1689 615 1770 711,
639 1709 711 1752 cum
733 1688 852 1753 sintin
874 1685 976 1752 Rbed.
1008 1688 1173 1770 libratore,
1198 1689 1346 1752 L'onutum
1371 1691 1465 1770 mu.
1488 1691 1543 1770 3l;

82 1795 115 1858 cl.
135 1792 334 1859 Cunctamus
352 1791 450 1857 Orell.
468 1789 583 1872 2779),
615 1790 698 1854 sicut
724 1791 757 1854 in
780 1790 886 1854 madia
907 1789 1063 1854 latinitate
1085 1791 1242 1855 altemant
1263 1801 1356 1876 spata
1377 1801 1409 1854 et
1432 1790 1545 1876 spatha

84 1895 136 1978 (cf.
158 1894 348 1980 Congium).
397 1892 467 1957 Nec
495 1911 644 1976 magnam
670 1891 766 1955 fidem
792 1891 896 1956 habeo
917 1892 1100 1956 nominibus
1122 1892 1289 1958 herbarum
1312 1892 1437 1978 gallicis
1459 1893 1544 1978 apud

83 1995 316 2076 Dioscoridem,
344 1994 409 2058 nisi
440 2016 481 2057 ex
501 1994 612 2080 lingua
632 1992 747 2060 celtica
768 1993 840 2078 ipsa
861 1993 1107 2076 comprobentur
1134 1994 1326 2079 incorrupta.
1381 1992 1446 2061 Sed
1473 1993 1544 2058 sine

85 2095 172 2162 dnbio
193 2103 380 2182 corruptum
403 2103 453 2159 est
473 2087 747 2175 repplplodddmu
770 2093 832 2179 (gr.
856 2085 1103 2175 dprdylnuaor,
1126 2095 1180 2159 lat.
1201 2095 1351 2181 plantago
1372 2093 1491 2178 minor)
1513 2094 1543 2176 2,

84 2197 146 2262 152.
181 2196 234 2264 De
257 2195 368 2262 eadem
386 2195 484 2260 herba
504 2194 621 2279 legitur
643 2193 728 2282 apud
746 2194 784 2259 L.
799 2194 973 2281 Apuleium
995 2193 1240 2262 Madaurensem
1261 2196 1395 2276 (Medici
1411 2197 1543 2283 antiqui.

83 2297 186 2364 Venet.
212 2301 305 2364 1547.
333 2321 364 2385 p.
390 2297 495 2382 211·):
528 2297 754 2382 arnoglossos,
784 2298 952 2379 amion..,
986 2299 1265 2385 cynoglosson...
1296 2296 1383 2362 Galli
1410 2296 1542 2379 Tardos,

84 2401 227 2466 Latios..
242 2451 249 2465 .
263 2451 271 2464 .
294 2399 432 2464 Romani
454 2399 672 2484 plantaginem
688 2399 794 2479 latam,
820 2400 875 2464 alii
895 2399 1112 2486 plantaginem
1127 2401 1289 2465 maiorem.
1325 2401 1451 2466 Nomen
1466 2399 1544 2466 Tar·

86 2501 150 2582 dos,
173 2501 288 2566 Lotios
310 2529 344 2555 ==
365 2499 570 2566 tardoslotios
593 2501 690 2566 etiam
710 2500 762 2565 hio
785 2509 983 2587 corruptum3
1012 2523 1052 2566 ex
1073 2510 1206 2587 utroque
1234 2511 1341 2566 tamen
1363 2501 1543 2568 combinato

84 2603 178 2686 possit
198 2605 268 2668 erui
295 2595 578 2684 Ταρβοταβὰιῑον,
601 2603 624 2666 i.
638 2625 666 2667 e.
689 2602 799 2687 lingua
818 2603 901 2667 tauri
917 2602 1032 2683 Gallis,
1056 2625 1137 2688 quac
1160 2601 1232 2666 aliis
1256 2602 1420 2668 dicebatur
1435 2604 1545 2689 lingua

85 2705 164 2789 agni,
192 2706 308 2791 lingua
328 2703 434 2784 asnia,
459 2725 499 2768 ex
520 2703 584 2766 bib.
606 2711 669 2767 ret.
692 2702 776 2784 turb,
807 2705 924 2768 cambr.
947 2717 1025 2768 turus
1054 2702 1193 2787 (taurus)
1222 2711 1254 2768 et
1280 2705 1398 2768 cambr.
1426 2704 1546 2789 tofnwd

87 2805 215 2891 (lingum
237 2835 272 2860 =
295 2815 357 2871 vet.
381 2803 492 2888 utut).
548 2803 617 2869 Neo
652 2825 727 2869 vero
761 2803 834 2888 plus
864 2806 1060 2870 auctoritatis
1087 2804 1220 2871 afferent
1252 2804 1292 2868 ad
1318 2805 1545 2869 vindicandam

86 2905 179 2972 Gallis
202 2912 227 2968 d
250 2905 373 2972 relicua
394 2905 563 2970 herbarum
584 2904 716 2968 nomina
745 2905 807 2970 duo
835 2929 885 2993 ap.
908 2907 1036 2972 Diosc.:
1069 2905 1162 2966 deiru
1185 2905 1245 2990 (gr.
1269 2903 1462 2986 χελιδόνιον,
1491 2905 1543 2970 lat.

91 3006 214 3093 labium)
237 3010 268 3089 2,
293 3009 365 3072 211.
396 3004 537 3084 ι’)έξιμον
558 3004 619 3090 (gr.
643 2996 876 3088 dproroloxr'm
899 3009 937 3072 of.
960 3031 992 3094 p.
1008 3007 1073 3091 47).
1117 3007 1269 3072 Attamen
1293 3027 1406 3070 sonum
1427 3007 1545 3072 dentali

86 3111 232 3194 aspiratae
265 3113 289 3170 d
319 3108 531 3187 simillimum,
565 3107 594 3170 si
619 3129 685 3172 non
708 3109 861 3189 eundern,
887 3109 921 3172 in
943 3117 1049 3174 vetere
1072 3106 1237 3173 Gallorum
1266 3107 1376 3191 lingua
1401 3108 1544 3192 viguisse

88 3210 245 3292 quominus
272 3229 407 3296 prorsus
427 3193 604 3294 negemus,
634 3209 826 3295 impedimur
847 3209 975 3275 disertis
996 3209 1189 3274 testimoniis
1210 3230 1410 3272 nummorum
1439 3219 1471 3272 et
1496 3209 1545 3271 in-

87 3313 296 3397 scriptionum,
319 3311 359 3376 de
382 3311 498 3396 quibus
519 3318 594 3396 post
616 3311 697 3374 alios
718 3310 895 3376 novissime
919 3310 1096 3395 disputavit
1116 3310 1251 3376 Becker.
1275 3309 1388 3394 (Beitr.
1404 3309 1465 3374 ΠΙ.
1484 3312 1543 3374 ’207
1564 3345 1566 3350 ·

89 3415 172 3498 squ).
196 3415 342 3480 Primum
359 3415 444 3480 enim
459 3411 619 3475 invenitur
632 3410 664 3474 D
685 3421 829 3477 notatum
851 3411 970 3476 lineola
988 3412 1164 3492 traiciente,
1188 3411 1274 3496 quod
1287 3409 1340 3474 hic
1355 3411 1545 3496 anglosaxo-

89 3515 154 3579 nica
171 3517 275 3602 figura
296 3516 475 3594 reddemus,
498 3521 563 3577 tam
585 3511 736 3597 simplex:
759 3509 879 3582 Dirona
894 3512 1083 3597 (Deironai)
1106 3513 1175 3592 dea,
1197 3511 1300 3598 Epad,
1324 3510 1431 3597 Hpad,
1454 3513 1545 3576 Abu-

92 3613 152 3694 dod,
173 3617 380 3697 Caraditonm
404 3637 498 3702 quam
521 3615 729 3700 geminatum:
751 3611 949 3694 Teumesius,
972 3611 1180 3696 Tebdignius,
1204 3610 1437 3693 Gabbarenses,
1458 3611 1546 3678 Boc-

89 3721 174 3798 do..,
205 3718 330 3798 Germ,
364 3715 576 3795 Billicedb‘ni,
608 3713 770 3796 conecti,
804 3714 1031 3794 cammunti,
1058 3713 1192 3794 Metuo,
1225 3713 1370 3779 Meddul.
1404 3713 1544 3780 Mettio.

92 3815 237 3902 [sidunt
253 3818 425 3899 meamus,
447 3816 636 3895 Metaurus,
652 3813 836 3897 Mib‘dirius,
858 3815 1111 3900 Mebbignatius,
1127 3813 1395 3898 Ooddacatusff).
1417 3814 1545 3881 Deinde

95 3939 127 3982 ex
144 3920 192 3986 bis
213 3921 400 3986 nominibus
422 3918 598 4004 compluria
623 3916 676 3982 vol
704 3918 776 4004 ipsa
802 3917 853 3982 vel
874 3937 987 4003 parum
1008 3923 1128 3980 mutata
1148 3937 1205 4000 por
1227 3912 1250 3980 S
1274 3915 1394 4001 scripta
1420 3925 1544 3980 extant:

94 4014 206 4104 circos,
236 4023 387 4104 Abudos,
410 4020 608 4105 Tessignius,
630 4015 874 4098 Oarasrounius,
897 4039 979 4102 quae
1002 4016 1133 4101 scriptio
1156 4015 1348 4079 conferenda
1370 4025 1420 4080 est
1445 4017 1546 4081 notis-

96 4119 163 4186 simo
182 4123 229 4187 illi
248 4123 416 4188 Laconum
438 4121 467 4180 Σ
485 4142 543 4208 pro
565 4121 727 4184 communi
749 4117 946 4185 Graecorum
973 4116 1002 4176 Θ
1022 4115 1155 4202 prolato.
1203 4115 1351 4201 Denique
1374 4115 1436 4180 ΤΗ
1459 4126 1490 4180 et
1517 4116 1545 4176 Θ

95 4217 183 4303 ipsum
202 4224 345 4310 produnt
366 4223 429 4288 duo
443 4222 587 4287 uomina:
611 4217 837 4286 Cartbarenses
858 4217 1011 4302 (Cattlar,
1035 4215 1160 4302 Cattbr)
1183 4227 1215 4282 et
1231 4215 1444 4302 [V]eliocaui,
1468 4239 1546 4304 quo-

97 4341 153 4384 rnm
171 4323 245 4388 illud
269 4345 369 4412 supra
390 4346 463 4389 oum
485 4329 533 4388 bb
552 4321 706 4409 scriptum
728 4321 820 4402 redit,
843 4321 975 4385 alterum
997 4341 1047 4405 ap.
1064 4317 1158 4384 Caes.
1173 4317 1257 4381 Plin.
1279 4317 1374 4384 Oros.
1397 4326 1491 4404 atque
1512 4319 1545 4382 in

99 4417 182 4488 lusor.
204 4423 305 4490 Orell.
329 4425 408 4488 6991
437 4425 591 4510 scriptum
614 4431 664 4488 est
684 4422 894 4488 Veliocasses.
939 4419 1096 4486 Omnibus
1119 4419 1215 4504 igitur
1236 4419 1287 4484 his
1308 4419 1434 4484 collatis
1456 4419 1547 4484 dubi·

97 4522 146 4584 tari
163 4525 215 4590 rix
236 4526 365 4612 poterit,
390 4525 468 4610 quin
483 4523 570 4592 Galli
592 4545 718 4611 quoque
740 4524 792 4590 usi
814 4522 879 4588 siut
893 4522 1013 4587 dentali
1028 4521 1177 4606 aspirata,
1200 4525 1336 4606 quaml}
1357 4543 1471 4606 graeco
1493 4522 1546 4586 vel

99 4621 124 4684 tl
141 4626 258 4710 anglico
281 4625 491 4712 respondisse
513 4624 589 4690 inde
611 4625 825 4710 colligendum
847 4631 910 4704 est,
940 4623 1025 4708 quod
1047 4622 1145 4687 simili
1167 4624 1347 4688 rationein
1371 4623 1545 4708 spirantem

98 4725 200 4807 subiit,
222 4750 319 4814 quam
342 4749 405 4813 qua
424 4725 572 4792 Lacones
596 4729 672 4800 θεὸς
695 4726 730 4790 in
753 4722 838 4805 orric,
867 4723 967 4809 Angli
988 4725 1062 4788 tatu
1090 4725 1122 4789 in
1144 4725 1200 4788 baa
1222 4723 1348 4808 (habet)
1375 4734 1544 4790 mutarunt.
1601 4735 1602 4744 ’

100 4819 187 4902 Quare
206 4829 291 4914 quod
314 4829 387 4895 sine
407 4837 485 4892 nota
505 4827 666 4892 invenitur
688 4827 710 4890 d
731 4827 765 4892 in
780 4825 920 4891 Meddio.
943 4825 1191 4912 Meddignatius,
1213 4826 1401 4908 Meclivixta,
1423 4826 1458 4890 id
1479 4850 1545 4891 non

102 4931 153 4990 tam
173 4931 239 4994 soni
260 4951 358 5016 qnam
380 4929 466 5014 signi
487 4927 698 4994 similitudine
718 4927 837 4993 factum
858 4949 931 4994 esse
954 4927 1123 5008 credimus,
1146 4927 1231 4992 haud
1253 4929 1346 4993 aliter
1367 4951 1404 4992 ac
1426 4928 1452 4992 si
1476 4951 1545 4992 um·

103 5023 202 5092 briaae
224 5042 254 5096 et
276 5055 293 5112 c
314 5032 348 5097 in
371 5029 488 5095 tabulis
511 5037 753 5096 commutantur.
803 5029 953 5097 Ceterum
982 5029 1166 5115 scriptionis
1194 5029 1340 5096 varietati
1367 5065 1408 5077 -
1437 5029 1545 5115 tt‘(d),
